%YAML 1.1
%TAG !u! tag:unity3d.com,2011:
--- !u!29 &1
OcclusionCullingSettings:
  m_ObjectHideFlags: 0
  serializedVersion: 2
  m_OcclusionBakeSettings:
    smallestOccluder: 5
    smallestHole: 0.25
    backfaceThreshold: 100
  m_SceneGUID: 00000000000000000000000000000000
  m_OcclusionCullingData: {fileID: 0}
--- !u!104 &2
RenderSettings:
  m_ObjectHideFlags: 0
  serializedVersion: 9
  m_Fog: 0
  m_FogColor: {r: 0.5, g: 0.5, b: 0.5, a: 1}
  m_FogMode: 3
  m_FogDensity: 0.01
  m_LinearFogStart: 0
  m_LinearFogEnd: 300
  m_AmbientSkyColor: {r: 0.212, g: 0.227, b: 0.259, a: 1}
  m_AmbientEquatorColor: {r: 0.114, g: 0.125, b: 0.133, a: 1}
  m_AmbientGroundColor: {r: 0.047, g: 0.043, b: 0.035, a: 1}
  m_AmbientIntensity: 1
  m_AmbientMode: 3
  m_SubtractiveShadowColor: {r: 0.42, g: 0.478, b: 0.627, a: 1}
  m_SkyboxMaterial: {fileID: 0}
  m_HaloStrength: 0.5
  m_FlareStrength: 1
  m_FlareFadeSpeed: 3
  m_HaloTexture: {fileID: 0}
  m_SpotCookie: {fileID: 10001, guid: 0000000000000000e000000000000000, type: 0}
  m_DefaultReflectionMode: 0
  m_DefaultReflectionResolution: 128
  m_ReflectionBounces: 1
  m_ReflectionIntensity: 1
  m_CustomReflection: {fileID: 0}
  m_Sun: {fileID: 0}
  m_IndirectSpecularColor: {r: 0, g: 0, b: 0, a: 1}
  m_UseRadianceAmbientProbe: 0
--- !u!157 &3
LightmapSettings:
  m_ObjectHideFlags: 0
  serializedVersion: 11
  m_GIWorkflowMode: 1
  m_GISettings:
    serializedVersion: 2
    m_BounceScale: 1
    m_IndirectOutputScale: 1
    m_AlbedoBoost: 1
    m_EnvironmentLightingMode: 0
    m_EnableBakedLightmaps: 0
    m_EnableRealtimeLightmaps: 0
  m_LightmapEditorSettings:
    serializedVersion: 12
    m_Resolution: 2
    m_BakeResolution: 40
    m_AtlasSize: 1024
    m_AO: 0
    m_AOMaxDistance: 1
    m_CompAOExponent: 1
    m_CompAOExponentDirect: 0
    m_ExtractAmbientOcclusion: 0
    m_Padding: 2
    m_LightmapParameters: {fileID: 0}
    m_LightmapsBakeMode: 1
    m_TextureCompression: 1
    m_FinalGather: 0
    m_FinalGatherFiltering: 1
    m_FinalGatherRayCount: 256
    m_ReflectionCompression: 2
    m_MixedBakeMode: 2
    m_BakeBackend: 0
    m_PVRSampling: 1
    m_PVRDirectSampleCount: 32
    m_PVRSampleCount: 500
    m_PVRBounces: 2
    m_PVREnvironmentSampleCount: 500
    m_PVREnvironmentReferencePointCount: 2048
    m_PVRFilteringMode: 2
    m_PVRDenoiserTypeDirect: 0
    m_PVRDenoiserTypeIndirect: 0
    m_PVRDenoiserTypeAO: 0
    m_PVRFilterTypeDirect: 0
    m_PVRFilterTypeIndirect: 0
    m_PVRFilterTypeAO: 0
    m_PVREnvironmentMIS: 0
    m_PVRCulling: 1
    m_PVRFilteringGaussRadiusDirect: 1
    m_PVRFilteringGaussRadiusIndirect: 5
    m_PVRFilteringGaussRadiusAO: 2
    m_PVRFilteringAtrousPositionSigmaDirect: 0.5
    m_PVRFilteringAtrousPositionSigmaIndirect: 2
    m_PVRFilteringAtrousPositionSigmaAO: 1
    m_ShowResolutionOverlay: 1
    m_ExportTrainingData: 0
  m_LightingDataAsset: {fileID: 0}
  m_UseShadowmask: 1
--- !u!196 &4
NavMeshSettings:
  serializedVersion: 2
  m_ObjectHideFlags: 0
  m_BuildSettings:
    serializedVersion: 2
    agentTypeID: 0
    agentRadius: 0.5
    agentHeight: 2
    agentSlope: 45
    agentClimb: 0.4
    ledgeDropHeight: 0
    maxJumpAcrossDistance: 0
    minRegionArea: 2
    manualCellSize: 0
    cellSize: 0.16666667
    manualTileSize: 0
    tileSize: 256
    accuratePlacement: 0
    debug:
      m_Flags: 0
  m_NavMeshData: {fileID: 0}
--- !u!1 &205859446
GameObject:
  m_ObjectHideFlags: 0
  m_CorrespondingSourceObject: {fileID: 0}
  m_PrefabInstance: {fileID: 0}
  m_PrefabAsset: {fileID: 0}
  serializedVersion: 6
  m_Component:
  - component: {fileID: 205859447}
  - component: {fileID: 205859449}
  - component: {fileID: 205859448}
  m_Layer: 5
  m_Name: Live3
  m_TagString: Untagged
  m_Icon: {fileID: 0}
  m_NavMeshLayer: 0
  m_StaticEditorFlags: 0
  m_IsActive: 1
--- !u!224 &205859447
RectTransform:
  m_ObjectHideFlags: 0
  m_CorrespondingSourceObject: {fileID: 0}
  m_PrefabInstance: {fileID: 0}
  m_PrefabAsset: {fileID: 0}
  m_GameObject: {fileID: 205859446}
  m_LocalRotation: {x: -0, y: -0, z: -0, w: 1}
  m_LocalPosition: {x: 0, y: 0, z: 0}
  m_LocalScale: {x: 1, y: 1, z: 1}
  m_Children: []
  m_Father: {fileID: 1639347940}
  m_RootOrder: 2
  m_LocalEulerAnglesHint: {x: 0, y: 0, z: 0}
  m_AnchorMin: {x: 0.5, y: 0.5}
  m_AnchorMax: {x: 0.5, y: 0.5}
  m_AnchoredPosition: {x: -741, y: 455}
  m_SizeDelta: {x: 50, y: 50}
  m_Pivot: {x: 0.5, y: 0.5}
--- !u!114 &205859448
MonoBehaviour:
  m_ObjectHideFlags: 0
  m_CorrespondingSourceObject: {fileID: 0}
  m_PrefabInstance: {fileID: 0}
  m_PrefabAsset: {fileID: 0}
  m_GameObject: {fileID: 205859446}
  m_Enabled: 1
  m_EditorHideFlags: 0
  m_Script: {fileID: -98529514, guid: f70555f144d8491a825f0804e09c671c, type: 3}
  m_Name: 
  m_EditorClassIdentifier: 
  m_Material: {fileID: 0}
  m_Color: {r: 1, g: 1, b: 1, a: 1}
  m_RaycastTarget: 1
  m_OnCullStateChanged:
    m_PersistentCalls:
      m_Calls: []
    m_TypeName: UnityEngine.UI.MaskableGraphic+CullStateChangedEvent, UnityEngine.UI,
      Version=1.0.0.0, Culture=neutral, PublicKeyToken=null
  m_Texture: {fileID: 2800000, guid: a376ccb89210fb54195c4125d85e06cc, type: 3}
  m_UVRect:
    serializedVersion: 2
    x: 0
    y: 0
    width: 1
    height: 1
--- !u!222 &205859449
CanvasRenderer:
  m_ObjectHideFlags: 0
  m_CorrespondingSourceObject: {fileID: 0}
  m_PrefabInstance: {fileID: 0}
  m_PrefabAsset: {fileID: 0}
  m_GameObject: {fileID: 205859446}
  m_CullTransparentMesh: 0
--- !u!4 &219058361 stripped
Transform:
  m_CorrespondingSourceObject: {fileID: 8138913811281909091, guid: ef1e68fa2168db7449cbb38c22634eda,
    type: 3}
  m_PrefabInstance: {fileID: 1174062647906374537}
  m_PrefabAsset: {fileID: 0}
--- !u!1001 &492954739
PrefabInstance:
  m_ObjectHideFlags: 0
  serializedVersion: 2
  m_Modification:
    m_TransformParent: {fileID: 0}
    m_Modifications:
    - target: {fileID: 6969356978667980530, guid: cf88add364c63af43a2425fe851ccb4d,
        type: 3}
      propertyPath: m_Name
      value: Platform (2)
      objectReference: {fileID: 0}
    - target: {fileID: 6969356978667980529, guid: cf88add364c63af43a2425fe851ccb4d,
        type: 3}
      propertyPath: m_LocalPosition.x
      value: 6.5518
      objectReference: {fileID: 0}
    - target: {fileID: 6969356978667980529, guid: cf88add364c63af43a2425fe851ccb4d,
        type: 3}
      propertyPath: m_LocalPosition.y
      value: -26.001734
      objectReference: {fileID: 0}
    - target: {fileID: 6969356978667980529, guid: cf88add364c63af43a2425fe851ccb4d,
        type: 3}
      propertyPath: m_LocalPosition.z
      value: 0
      objectReference: {fileID: 0}
    - target: {fileID: 6969356978667980529, guid: cf88add364c63af43a2425fe851ccb4d,
        type: 3}
      propertyPath: m_LocalRotation.x
      value: 0
      objectReference: {fileID: 0}
    - target: {fileID: 6969356978667980529, guid: cf88add364c63af43a2425fe851ccb4d,
        type: 3}
      propertyPath: m_LocalRotation.y
      value: 0
      objectReference: {fileID: 0}
    - target: {fileID: 6969356978667980529, guid: cf88add364c63af43a2425fe851ccb4d,
        type: 3}
      propertyPath: m_LocalRotation.z
      value: 0
      objectReference: {fileID: 0}
    - target: {fileID: 6969356978667980529, guid: cf88add364c63af43a2425fe851ccb4d,
        type: 3}
      propertyPath: m_LocalRotation.w
      value: 1
      objectReference: {fileID: 0}
    - target: {fileID: 6969356978667980529, guid: cf88add364c63af43a2425fe851ccb4d,
        type: 3}
      propertyPath: m_RootOrder
      value: 1
      objectReference: {fileID: 0}
    - target: {fileID: 6969356978667980529, guid: cf88add364c63af43a2425fe851ccb4d,
        type: 3}
      propertyPath: m_LocalEulerAnglesHint.x
      value: 0
      objectReference: {fileID: 0}
    - target: {fileID: 6969356978667980529, guid: cf88add364c63af43a2425fe851ccb4d,
        type: 3}
      propertyPath: m_LocalEulerAnglesHint.y
      value: 0
      objectReference: {fileID: 0}
    - target: {fileID: 6969356978667980529, guid: cf88add364c63af43a2425fe851ccb4d,
        type: 3}
      propertyPath: m_LocalEulerAnglesHint.z
      value: 0
      objectReference: {fileID: 0}
    - target: {fileID: 6969356978667980528, guid: cf88add364c63af43a2425fe851ccb4d,
        type: 3}
      propertyPath: m_Size.x
      value: 5.4698544
      objectReference: {fileID: 0}
    m_RemovedComponents: []
  m_SourcePrefab: {fileID: 100100000, guid: cf88add364c63af43a2425fe851ccb4d, type: 3}
--- !u!1 &519420028
GameObject:
  m_ObjectHideFlags: 0
  m_CorrespondingSourceObject: {fileID: 0}
  m_PrefabInstance: {fileID: 0}
  m_PrefabAsset: {fileID: 0}
  serializedVersion: 6
  m_Component:
  - component: {fileID: 519420032}
  - component: {fileID: 519420031}
  - component: {fileID: 519420029}
  - component: {fileID: 519420030}
  m_Layer: 0
  m_Name: Main Camera
  m_TagString: MainCamera
  m_Icon: {fileID: 0}
  m_NavMeshLayer: 0
  m_StaticEditorFlags: 0
  m_IsActive: 1
--- !u!81 &519420029
AudioListener:
  m_ObjectHideFlags: 0
  m_CorrespondingSourceObject: {fileID: 0}
  m_PrefabInstance: {fileID: 0}
  m_PrefabAsset: {fileID: 0}
  m_GameObject: {fileID: 519420028}
  m_Enabled: 1
--- !u!114 &519420030
MonoBehaviour:
  m_ObjectHideFlags: 0
  m_CorrespondingSourceObject: {fileID: 0}
  m_PrefabInstance: {fileID: 0}
  m_PrefabAsset: {fileID: 0}
  m_GameObject: {fileID: 519420028}
  m_Enabled: 1
  m_EditorHideFlags: 0
  m_Script: {fileID: 11500000, guid: 1165f914853ae344da26a71f3e178e8f, type: 3}
  m_Name: 
  m_EditorClassIdentifier: 
--- !u!20 &519420031
Camera:
  m_ObjectHideFlags: 0
  m_CorrespondingSourceObject: {fileID: 0}
  m_PrefabInstance: {fileID: 0}
  m_PrefabAsset: {fileID: 0}
  m_GameObject: {fileID: 519420028}
  m_Enabled: 1
  serializedVersion: 2
  m_ClearFlags: 2
  m_BackGroundColor: {r: 0.36320752, g: 0.829275, b: 1, a: 0}
  m_projectionMatrixMode: 1
  m_GateFitMode: 2
  m_FOVAxisMode: 0
  m_SensorSize: {x: 36, y: 24}
  m_LensShift: {x: 0, y: 0}
  m_FocalLength: 50
  m_NormalizedViewPortRect:
    serializedVersion: 2
    x: 0
    y: 0
    width: 1
    height: 1
  near clip plane: 0.3
  far clip plane: 1000
  field of view: 60
  orthographic: 1
  orthographic size: 10
  m_Depth: -1
  m_CullingMask:
    serializedVersion: 2
    m_Bits: 4294967295
  m_RenderingPath: -1
  m_TargetTexture: {fileID: 0}
  m_TargetDisplay: 0
  m_TargetEye: 0
  m_HDR: 1
  m_AllowMSAA: 0
  m_AllowDynamicResolution: 0
  m_ForceIntoRT: 0
  m_OcclusionCulling: 0
  m_StereoConvergence: 10
  m_StereoSeparation: 0.022
--- !u!4 &519420032
Transform:
  m_ObjectHideFlags: 0
  m_CorrespondingSourceObject: {fileID: 0}
  m_PrefabInstance: {fileID: 0}
  m_PrefabAsset: {fileID: 0}
  m_GameObject: {fileID: 519420028}
  m_LocalRotation: {x: 0, y: 0, z: 0, w: 1}
  m_LocalPosition: {x: 0, y: 0, z: -10}
  m_LocalScale: {x: 1, y: 1, z: 1}
  m_Children: []
  m_Father: {fileID: 0}
  m_RootOrder: 0
  m_LocalEulerAnglesHint: {x: 0, y: 0, z: 0}
--- !u!1 &636305476
GameObject:
  m_ObjectHideFlags: 0
  m_CorrespondingSourceObject: {fileID: 0}
  m_PrefabInstance: {fileID: 0}
  m_PrefabAsset: {fileID: 0}
  serializedVersion: 6
  m_Component:
  - component: {fileID: 636305479}
  - component: {fileID: 636305478}
  - component: {fileID: 636305477}
  m_Layer: 0
  m_Name: EventSystem
  m_TagString: Untagged
  m_Icon: {fileID: 0}
  m_NavMeshLayer: 0
  m_StaticEditorFlags: 0
  m_IsActive: 1
--- !u!114 &636305477
MonoBehaviour:
  m_ObjectHideFlags: 0
  m_CorrespondingSourceObject: {fileID: 0}
  m_PrefabInstance: {fileID: 0}
  m_PrefabAsset: {fileID: 0}
  m_GameObject: {fileID: 636305476}
  m_Enabled: 1
  m_EditorHideFlags: 0
  m_Script: {fileID: 1077351063, guid: f70555f144d8491a825f0804e09c671c, type: 3}
  m_Name: 
  m_EditorClassIdentifier: 
  m_HorizontalAxis: Horizontal
  m_VerticalAxis: Vertical
  m_SubmitButton: Submit
  m_CancelButton: Cancel
  m_InputActionsPerSecond: 10
  m_RepeatDelay: 0.5
  m_ForceModuleActive: 0
--- !u!114 &636305478
MonoBehaviour:
  m_ObjectHideFlags: 0
  m_CorrespondingSourceObject: {fileID: 0}
  m_PrefabInstance: {fileID: 0}
  m_PrefabAsset: {fileID: 0}
  m_GameObject: {fileID: 636305476}
  m_Enabled: 1
  m_EditorHideFlags: 0
  m_Script: {fileID: -619905303, guid: f70555f144d8491a825f0804e09c671c, type: 3}
  m_Name: 
  m_EditorClassIdentifier: 
  m_FirstSelected: {fileID: 0}
  m_sendNavigationEvents: 1
  m_DragThreshold: 10
--- !u!4 &636305479
Transform:
  m_ObjectHideFlags: 0
  m_CorrespondingSourceObject: {fileID: 0}
  m_PrefabInstance: {fileID: 0}
  m_PrefabAsset: {fileID: 0}
  m_GameObject: {fileID: 636305476}
  m_LocalRotation: {x: 0, y: 0, z: 0, w: 1}
  m_LocalPosition: {x: 0, y: 0, z: 0}
  m_LocalScale: {x: 1, y: 1, z: 1}
  m_Children: []
  m_Father: {fileID: 0}
  m_RootOrder: 7
  m_LocalEulerAnglesHint: {x: 0, y: 0, z: 0}
--- !u!1001 &665044024
PrefabInstance:
  m_ObjectHideFlags: 0
  serializedVersion: 2
  m_Modification:
    m_TransformParent: {fileID: 0}
    m_Modifications:
    - target: {fileID: 2671815231723434872, guid: 2514d0e1e00e6fc4caf27b16aa42653e,
        type: 3}
      propertyPath: m_Name
      value: spikes (4)
      objectReference: {fileID: 0}
    - target: {fileID: 2671815231723434876, guid: 2514d0e1e00e6fc4caf27b16aa42653e,
        type: 3}
      propertyPath: m_LocalPosition.x
      value: 2.53
      objectReference: {fileID: 0}
    - target: {fileID: 2671815231723434876, guid: 2514d0e1e00e6fc4caf27b16aa42653e,
        type: 3}
      propertyPath: m_LocalPosition.y
      value: -28.37
      objectReference: {fileID: 0}
    - target: {fileID: 2671815231723434876, guid: 2514d0e1e00e6fc4caf27b16aa42653e,
        type: 3}
      propertyPath: m_LocalPosition.z
      value: 0
      objectReference: {fileID: 0}
    - target: {fileID: 2671815231723434876, guid: 2514d0e1e00e6fc4caf27b16aa42653e,
        type: 3}
      propertyPath: m_LocalRotation.x
      value: 0
      objectReference: {fileID: 0}
    - target: {fileID: 2671815231723434876, guid: 2514d0e1e00e6fc4caf27b16aa42653e,
        type: 3}
      propertyPath: m_LocalRotation.y
      value: 0
      objectReference: {fileID: 0}
    - target: {fileID: 2671815231723434876, guid: 2514d0e1e00e6fc4caf27b16aa42653e,
        type: 3}
      propertyPath: m_LocalRotation.z
      value: 0
      objectReference: {fileID: 0}
    - target: {fileID: 2671815231723434876, guid: 2514d0e1e00e6fc4caf27b16aa42653e,
        type: 3}
      propertyPath: m_LocalRotation.w
      value: 1
      objectReference: {fileID: 0}
    - target: {fileID: 2671815231723434876, guid: 2514d0e1e00e6fc4caf27b16aa42653e,
        type: 3}
      propertyPath: m_RootOrder
      value: 14
      objectReference: {fileID: 0}
    - target: {fileID: 2671815231723434876, guid: 2514d0e1e00e6fc4caf27b16aa42653e,
        type: 3}
      propertyPath: m_LocalEulerAnglesHint.x
      value: 0
      objectReference: {fileID: 0}
    - target: {fileID: 2671815231723434876, guid: 2514d0e1e00e6fc4caf27b16aa42653e,
        type: 3}
      propertyPath: m_LocalEulerAnglesHint.y
      value: 0
      objectReference: {fileID: 0}
    - target: {fileID: 2671815231723434876, guid: 2514d0e1e00e6fc4caf27b16aa42653e,
        type: 3}
      propertyPath: m_LocalEulerAnglesHint.z
      value: 0
      objectReference: {fileID: 0}
    m_RemovedComponents: []
  m_SourcePrefab: {fileID: 100100000, guid: 2514d0e1e00e6fc4caf27b16aa42653e, type: 3}
--- !u!1001 &690232747
PrefabInstance:
  m_ObjectHideFlags: 0
  serializedVersion: 2
  m_Modification:
    m_TransformParent: {fileID: 0}
    m_Modifications:
    - target: {fileID: 6969356978667980530, guid: cf88add364c63af43a2425fe851ccb4d,
        type: 3}
      propertyPath: m_Name
      value: Platform (1)
      objectReference: {fileID: 0}
    - target: {fileID: 6969356978667980529, guid: cf88add364c63af43a2425fe851ccb4d,
        type: 3}
      propertyPath: m_LocalPosition.x
      value: 0.435
      objectReference: {fileID: 0}
    - target: {fileID: 6969356978667980529, guid: cf88add364c63af43a2425fe851ccb4d,
        type: 3}
      propertyPath: m_LocalPosition.y
      value: -27.037
      objectReference: {fileID: 0}
    - target: {fileID: 6969356978667980529, guid: cf88add364c63af43a2425fe851ccb4d,
        type: 3}
      propertyPath: m_LocalPosition.z
      value: 0
      objectReference: {fileID: 0}
    - target: {fileID: 6969356978667980529, guid: cf88add364c63af43a2425fe851ccb4d,
        type: 3}
      propertyPath: m_LocalRotation.x
      value: 0
      objectReference: {fileID: 0}
    - target: {fileID: 6969356978667980529, guid: cf88add364c63af43a2425fe851ccb4d,
        type: 3}
      propertyPath: m_LocalRotation.y
      value: 0
      objectReference: {fileID: 0}
    - target: {fileID: 6969356978667980529, guid: cf88add364c63af43a2425fe851ccb4d,
        type: 3}
      propertyPath: m_LocalRotation.z
      value: 0
      objectReference: {fileID: 0}
    - target: {fileID: 6969356978667980529, guid: cf88add364c63af43a2425fe851ccb4d,
        type: 3}
      propertyPath: m_LocalRotation.w
      value: 1
      objectReference: {fileID: 0}
    - target: {fileID: 6969356978667980529, guid: cf88add364c63af43a2425fe851ccb4d,
        type: 3}
      propertyPath: m_RootOrder
      value: 9
      objectReference: {fileID: 0}
    - target: {fileID: 6969356978667980529, guid: cf88add364c63af43a2425fe851ccb4d,
        type: 3}
      propertyPath: m_LocalEulerAnglesHint.x
      value: 0
      objectReference: {fileID: 0}
    - target: {fileID: 6969356978667980529, guid: cf88add364c63af43a2425fe851ccb4d,
        type: 3}
      propertyPath: m_LocalEulerAnglesHint.y
      value: 0
      objectReference: {fileID: 0}
    - target: {fileID: 6969356978667980529, guid: cf88add364c63af43a2425fe851ccb4d,
        type: 3}
      propertyPath: m_LocalEulerAnglesHint.z
      value: 0
      objectReference: {fileID: 0}
    - target: {fileID: 6969356978667980528, guid: cf88add364c63af43a2425fe851ccb4d,
        type: 3}
      propertyPath: m_Size.x
      value: 2
      objectReference: {fileID: 0}
    - target: {fileID: 6969356978667980528, guid: cf88add364c63af43a2425fe851ccb4d,
        type: 3}
      propertyPath: m_Size.y
      value: 16.961655
      objectReference: {fileID: 0}
    - target: {fileID: 6969356978667980535, guid: cf88add364c63af43a2425fe851ccb4d,
        type: 3}
      propertyPath: m_SpriteTilingProperty.newSize.x
      value: 12.972364
      objectReference: {fileID: 0}
    m_RemovedComponents: []
  m_SourcePrefab: {fileID: 100100000, guid: cf88add364c63af43a2425fe851ccb4d, type: 3}
--- !u!1001 &928540680
PrefabInstance:
  m_ObjectHideFlags: 0
  serializedVersion: 2
  m_Modification:
    m_TransformParent: {fileID: 0}
    m_Modifications:
    - target: {fileID: 2671815231723434872, guid: 2514d0e1e00e6fc4caf27b16aa42653e,
        type: 3}
      propertyPath: m_Name
      value: spikes
      objectReference: {fileID: 0}
    - target: {fileID: 2671815231723434876, guid: 2514d0e1e00e6fc4caf27b16aa42653e,
        type: 3}
      propertyPath: m_LocalPosition.x
      value: 5.7389984
      objectReference: {fileID: 0}
    - target: {fileID: 2671815231723434876, guid: 2514d0e1e00e6fc4caf27b16aa42653e,
        type: 3}
      propertyPath: m_LocalPosition.y
      value: -25.280003
      objectReference: {fileID: 0}
    - target: {fileID: 2671815231723434876, guid: 2514d0e1e00e6fc4caf27b16aa42653e,
        type: 3}
      propertyPath: m_LocalPosition.z
      value: 0
      objectReference: {fileID: 0}
    - target: {fileID: 2671815231723434876, guid: 2514d0e1e00e6fc4caf27b16aa42653e,
        type: 3}
      propertyPath: m_LocalRotation.x
      value: -0
      objectReference: {fileID: 0}
    - target: {fileID: 2671815231723434876, guid: 2514d0e1e00e6fc4caf27b16aa42653e,
        type: 3}
      propertyPath: m_LocalRotation.y
      value: -0
      objectReference: {fileID: 0}
    - target: {fileID: 2671815231723434876, guid: 2514d0e1e00e6fc4caf27b16aa42653e,
        type: 3}
      propertyPath: m_LocalRotation.z
      value: -0
      objectReference: {fileID: 0}
    - target: {fileID: 2671815231723434876, guid: 2514d0e1e00e6fc4caf27b16aa42653e,
        type: 3}
      propertyPath: m_LocalRotation.w
      value: 1
      objectReference: {fileID: 0}
    - target: {fileID: 2671815231723434876, guid: 2514d0e1e00e6fc4caf27b16aa42653e,
        type: 3}
      propertyPath: m_RootOrder
      value: 16
      objectReference: {fileID: 0}
    - target: {fileID: 2671815231723434876, guid: 2514d0e1e00e6fc4caf27b16aa42653e,
        type: 3}
      propertyPath: m_LocalEulerAnglesHint.x
      value: 0
      objectReference: {fileID: 0}
    - target: {fileID: 2671815231723434876, guid: 2514d0e1e00e6fc4caf27b16aa42653e,
        type: 3}
      propertyPath: m_LocalEulerAnglesHint.y
      value: 0
      objectReference: {fileID: 0}
    - target: {fileID: 2671815231723434876, guid: 2514d0e1e00e6fc4caf27b16aa42653e,
        type: 3}
      propertyPath: m_LocalEulerAnglesHint.z
      value: 0
      objectReference: {fileID: 0}
    m_RemovedComponents: []
  m_SourcePrefab: {fileID: 100100000, guid: 2514d0e1e00e6fc4caf27b16aa42653e, type: 3}
--- !u!1 &972491823
GameObject:
  m_ObjectHideFlags: 0
  m_CorrespondingSourceObject: {fileID: 0}
  m_PrefabInstance: {fileID: 0}
  m_PrefabAsset: {fileID: 0}
  serializedVersion: 6
  m_Component:
  - component: {fileID: 972491826}
  - component: {fileID: 972491825}
  - component: {fileID: 972491824}
  m_Layer: 0
  m_Name: Menager
  m_TagString: Untagged
  m_Icon: {fileID: 0}
  m_NavMeshLayer: 0
  m_StaticEditorFlags: 0
  m_IsActive: 1
--- !u!114 &972491824
MonoBehaviour:
  m_ObjectHideFlags: 0
  m_CorrespondingSourceObject: {fileID: 0}
  m_PrefabInstance: {fileID: 0}
  m_PrefabAsset: {fileID: 0}
  m_GameObject: {fileID: 972491823}
  m_Enabled: 1
  m_EditorHideFlags: 0
  m_Script: {fileID: 11500000, guid: c8db02f8bff5aab4abb61eee1d81c77e, type: 3}
  m_Name: 
  m_EditorClassIdentifier: 
  isActive: 1
  introLevel: {fileID: 5083543519930448596, guid: d252695df37e68644b2589b2ebff2e33,
    type: 3}
  normalLevels: []
  hardLevels: []
--- !u!212 &972491825
SpriteRenderer:
  m_ObjectHideFlags: 0
  m_CorrespondingSourceObject: {fileID: 0}
  m_PrefabInstance: {fileID: 0}
  m_PrefabAsset: {fileID: 0}
  m_GameObject: {fileID: 972491823}
  m_Enabled: 1
  m_CastShadows: 0
  m_ReceiveShadows: 0
  m_DynamicOccludee: 1
  m_MotionVectors: 1
  m_LightProbeUsage: 1
  m_ReflectionProbeUsage: 1
  m_RenderingLayerMask: 1
  m_RendererPriority: 0
  m_Materials:
  - {fileID: 10754, guid: 0000000000000000f000000000000000, type: 0}
  m_StaticBatchInfo:
    firstSubMesh: 0
    subMeshCount: 0
  m_StaticBatchRoot: {fileID: 0}
  m_ProbeAnchor: {fileID: 0}
  m_LightProbeVolumeOverride: {fileID: 0}
  m_ScaleInLightmap: 1
  m_PreserveUVs: 0
  m_IgnoreNormalsForChartDetection: 0
  m_ImportantGI: 0
  m_StitchLightmapSeams: 1
  m_SelectedEditorRenderState: 0
  m_MinimumChartSize: 4
  m_AutoUVMaxDistance: 0.5
  m_AutoUVMaxAngle: 89
  m_LightmapParameters: {fileID: 0}
  m_SortingLayerID: 0
  m_SortingLayer: 0
  m_SortingOrder: 0
  m_Sprite: {fileID: 0}
  m_Color: {r: 1, g: 1, b: 1, a: 1}
  m_FlipX: 0
  m_FlipY: 0
  m_DrawMode: 0
  m_Size: {x: 1, y: 1}
  m_AdaptiveModeThreshold: 0.5
  m_SpriteTileMode: 0
  m_WasSpriteAssigned: 0
  m_MaskInteraction: 0
  m_SpriteSortPoint: 0
--- !u!4 &972491826
Transform:
  m_ObjectHideFlags: 0
  m_CorrespondingSourceObject: {fileID: 0}
  m_PrefabInstance: {fileID: 0}
  m_PrefabAsset: {fileID: 0}
  m_GameObject: {fileID: 972491823}
  m_LocalRotation: {x: 0, y: 0, z: 0, w: 1}
  m_LocalPosition: {x: 4.207588, y: -5.0837445, z: -3.7109375}
  m_LocalScale: {x: 1, y: 1, z: 1}
  m_Children: []
  m_Father: {fileID: 0}
  m_RootOrder: 4
  m_LocalEulerAnglesHint: {x: 0, y: 0, z: 0}
--- !u!1001 &1075154440
PrefabInstance:
  m_ObjectHideFlags: 0
  serializedVersion: 2
  m_Modification:
    m_TransformParent: {fileID: 0}
    m_Modifications:
    - target: {fileID: 5083543519930448596, guid: d252695df37e68644b2589b2ebff2e33,
        type: 3}
      propertyPath: m_Name
      value: IntroLevel
      objectReference: {fileID: 0}
    - target: {fileID: 5083543519930448598, guid: d252695df37e68644b2589b2ebff2e33,
        type: 3}
      propertyPath: m_LocalPosition.x
      value: 0
      objectReference: {fileID: 0}
    - target: {fileID: 5083543519930448598, guid: d252695df37e68644b2589b2ebff2e33,
        type: 3}
      propertyPath: m_LocalPosition.y
      value: 0
      objectReference: {fileID: 0}
    - target: {fileID: 5083543519930448598, guid: d252695df37e68644b2589b2ebff2e33,
        type: 3}
      propertyPath: m_LocalPosition.z
      value: -1.48659
      objectReference: {fileID: 0}
    - target: {fileID: 5083543519930448598, guid: d252695df37e68644b2589b2ebff2e33,
        type: 3}
      propertyPath: m_LocalRotation.x
      value: 0
      objectReference: {fileID: 0}
    - target: {fileID: 5083543519930448598, guid: d252695df37e68644b2589b2ebff2e33,
        type: 3}
      propertyPath: m_LocalRotation.y
      value: 0
      objectReference: {fileID: 0}
    - target: {fileID: 5083543519930448598, guid: d252695df37e68644b2589b2ebff2e33,
        type: 3}
      propertyPath: m_LocalRotation.z
      value: 0
      objectReference: {fileID: 0}
    - target: {fileID: 5083543519930448598, guid: d252695df37e68644b2589b2ebff2e33,
        type: 3}
      propertyPath: m_LocalRotation.w
      value: 1
      objectReference: {fileID: 0}
    - target: {fileID: 5083543519930448598, guid: d252695df37e68644b2589b2ebff2e33,
        type: 3}
      propertyPath: m_RootOrder
      value: 3
      objectReference: {fileID: 0}
    - target: {fileID: 5083543519930448598, guid: d252695df37e68644b2589b2ebff2e33,
        type: 3}
      propertyPath: m_LocalEulerAnglesHint.x
      value: 0
      objectReference: {fileID: 0}
    - target: {fileID: 5083543519930448598, guid: d252695df37e68644b2589b2ebff2e33,
        type: 3}
      propertyPath: m_LocalEulerAnglesHint.y
      value: 0
      objectReference: {fileID: 0}
    - target: {fileID: 5083543519930448598, guid: d252695df37e68644b2589b2ebff2e33,
        type: 3}
      propertyPath: m_LocalEulerAnglesHint.z
      value: 0
      objectReference: {fileID: 0}
    - target: {fileID: 5083543520673287137, guid: d252695df37e68644b2589b2ebff2e33,
        type: 3}
      propertyPath: m_IsActive
      value: 1
      objectReference: {fileID: 0}
    m_RemovedComponents: []
  m_SourcePrefab: {fileID: 100100000, guid: d252695df37e68644b2589b2ebff2e33, type: 3}
--- !u!1001 &1107107136
PrefabInstance:
  m_ObjectHideFlags: 0
  serializedVersion: 2
  m_Modification:
    m_TransformParent: {fileID: 0}
    m_Modifications:
    - target: {fileID: 6969356978667980530, guid: cf88add364c63af43a2425fe851ccb4d,
        type: 3}
      propertyPath: m_Name
      value: Platform
      objectReference: {fileID: 0}
    - target: {fileID: 6969356978667980529, guid: cf88add364c63af43a2425fe851ccb4d,
        type: 3}
      propertyPath: m_LocalPosition.x
      value: 0.435
      objectReference: {fileID: 0}
    - target: {fileID: 6969356978667980529, guid: cf88add364c63af43a2425fe851ccb4d,
        type: 3}
      propertyPath: m_LocalPosition.y
      value: -22.37
      objectReference: {fileID: 0}
    - target: {fileID: 6969356978667980529, guid: cf88add364c63af43a2425fe851ccb4d,
        type: 3}
      propertyPath: m_LocalPosition.z
      value: 0
      objectReference: {fileID: 0}
    - target: {fileID: 6969356978667980529, guid: cf88add364c63af43a2425fe851ccb4d,
        type: 3}
      propertyPath: m_LocalRotation.x
      value: 0
      objectReference: {fileID: 0}
    - target: {fileID: 6969356978667980529, guid: cf88add364c63af43a2425fe851ccb4d,
        type: 3}
      propertyPath: m_LocalRotation.y
      value: 0
      objectReference: {fileID: 0}
    - target: {fileID: 6969356978667980529, guid: cf88add364c63af43a2425fe851ccb4d,
        type: 3}
      propertyPath: m_LocalRotation.z
      value: 0
      objectReference: {fileID: 0}
    - target: {fileID: 6969356978667980529, guid: cf88add364c63af43a2425fe851ccb4d,
        type: 3}
      propertyPath: m_LocalRotation.w
      value: 1
      objectReference: {fileID: 0}
    - target: {fileID: 6969356978667980529, guid: cf88add364c63af43a2425fe851ccb4d,
        type: 3}
      propertyPath: m_RootOrder
      value: 2
      objectReference: {fileID: 0}
    - target: {fileID: 6969356978667980529, guid: cf88add364c63af43a2425fe851ccb4d,
        type: 3}
      propertyPath: m_LocalEulerAnglesHint.x
      value: 0
      objectReference: {fileID: 0}
    - target: {fileID: 6969356978667980529, guid: cf88add364c63af43a2425fe851ccb4d,
        type: 3}
      propertyPath: m_LocalEulerAnglesHint.y
      value: 0
      objectReference: {fileID: 0}
    - target: {fileID: 6969356978667980529, guid: cf88add364c63af43a2425fe851ccb4d,
        type: 3}
      propertyPath: m_LocalEulerAnglesHint.z
      value: 0
      objectReference: {fileID: 0}
    - target: {fileID: 6969356978667980528, guid: cf88add364c63af43a2425fe851ccb4d,
        type: 3}
      propertyPath: m_Size.x
      value: 12.972364
      objectReference: {fileID: 0}
    m_RemovedComponents: []
  m_SourcePrefab: {fileID: 100100000, guid: cf88add364c63af43a2425fe851ccb4d, type: 3}
--- !u!1 &1241010758
GameObject:
  m_ObjectHideFlags: 0
  m_CorrespondingSourceObject: {fileID: 0}
  m_PrefabInstance: {fileID: 0}
  m_PrefabAsset: {fileID: 0}
  serializedVersion: 6
  m_Component:
  - component: {fileID: 1241010759}
  - component: {fileID: 1241010761}
  - component: {fileID: 1241010760}
  m_Layer: 5
  m_Name: Live2
  m_TagString: Untagged
  m_Icon: {fileID: 0}
  m_NavMeshLayer: 0
  m_StaticEditorFlags: 0
  m_IsActive: 1
--- !u!224 &1241010759
RectTransform:
  m_ObjectHideFlags: 0
  m_CorrespondingSourceObject: {fileID: 0}
  m_PrefabInstance: {fileID: 0}
  m_PrefabAsset: {fileID: 0}
  m_GameObject: {fileID: 1241010758}
  m_LocalRotation: {x: -0, y: -0, z: -0, w: 1}
  m_LocalPosition: {x: 0, y: 0, z: 0}
  m_LocalScale: {x: 1, y: 1, z: 1}
  m_Children: []
  m_Father: {fileID: 1639347940}
  m_RootOrder: 1
  m_LocalEulerAnglesHint: {x: 0, y: 0, z: 0}
  m_AnchorMin: {x: 0.5, y: 0.5}
  m_AnchorMax: {x: 0.5, y: 0.5}
  m_AnchoredPosition: {x: -807, y: 455}
  m_SizeDelta: {x: 50, y: 50}
  m_Pivot: {x: 0.5, y: 0.5}
--- !u!114 &1241010760
MonoBehaviour:
  m_ObjectHideFlags: 0
  m_CorrespondingSourceObject: {fileID: 0}
  m_PrefabInstance: {fileID: 0}
  m_PrefabAsset: {fileID: 0}
  m_GameObject: {fileID: 1241010758}
  m_Enabled: 1
  m_EditorHideFlags: 0
  m_Script: {fileID: -98529514, guid: f70555f144d8491a825f0804e09c671c, type: 3}
  m_Name: 
  m_EditorClassIdentifier: 
  m_Material: {fileID: 0}
  m_Color: {r: 1, g: 1, b: 1, a: 1}
  m_RaycastTarget: 1
  m_OnCullStateChanged:
    m_PersistentCalls:
      m_Calls: []
    m_TypeName: UnityEngine.UI.MaskableGraphic+CullStateChangedEvent, UnityEngine.UI,
      Version=1.0.0.0, Culture=neutral, PublicKeyToken=null
  m_Texture: {fileID: 2800000, guid: a376ccb89210fb54195c4125d85e06cc, type: 3}
  m_UVRect:
    serializedVersion: 2
    x: 0
    y: 0
    width: 1
    height: 1
--- !u!222 &1241010761
CanvasRenderer:
  m_ObjectHideFlags: 0
  m_CorrespondingSourceObject: {fileID: 0}
  m_PrefabInstance: {fileID: 0}
  m_PrefabAsset: {fileID: 0}
  m_GameObject: {fileID: 1241010758}
  m_CullTransparentMesh: 0
--- !u!1001 &1301685114
PrefabInstance:
  m_ObjectHideFlags: 0
  serializedVersion: 2
  m_Modification:
    m_TransformParent: {fileID: 0}
    m_Modifications:
    - target: {fileID: 2671815231723434872, guid: 2514d0e1e00e6fc4caf27b16aa42653e,
        type: 3}
      propertyPath: m_Name
      value: spikes (1)
      objectReference: {fileID: 0}
    - target: {fileID: 2671815231723434876, guid: 2514d0e1e00e6fc4caf27b16aa42653e,
        type: 3}
      propertyPath: m_LocalPosition.x
      value: 6.2759995
      objectReference: {fileID: 0}
    - target: {fileID: 2671815231723434876, guid: 2514d0e1e00e6fc4caf27b16aa42653e,
        type: 3}
      propertyPath: m_LocalPosition.y
      value: -25.28
      objectReference: {fileID: 0}
    - target: {fileID: 2671815231723434876, guid: 2514d0e1e00e6fc4caf27b16aa42653e,
        type: 3}
      propertyPath: m_LocalPosition.z
      value: 0
      objectReference: {fileID: 0}
    - target: {fileID: 2671815231723434876, guid: 2514d0e1e00e6fc4caf27b16aa42653e,
        type: 3}
      propertyPath: m_LocalRotation.x
      value: 0
      objectReference: {fileID: 0}
    - target: {fileID: 2671815231723434876, guid: 2514d0e1e00e6fc4caf27b16aa42653e,
        type: 3}
      propertyPath: m_LocalRotation.y
      value: 0
      objectReference: {fileID: 0}
    - target: {fileID: 2671815231723434876, guid: 2514d0e1e00e6fc4caf27b16aa42653e,
        type: 3}
      propertyPath: m_LocalRotation.z
      value: 0
      objectReference: {fileID: 0}
    - target: {fileID: 2671815231723434876, guid: 2514d0e1e00e6fc4caf27b16aa42653e,
        type: 3}
      propertyPath: m_LocalRotation.w
      value: 1
      objectReference: {fileID: 0}
    - target: {fileID: 2671815231723434876, guid: 2514d0e1e00e6fc4caf27b16aa42653e,
        type: 3}
      propertyPath: m_RootOrder
      value: 10
      objectReference: {fileID: 0}
    - target: {fileID: 2671815231723434876, guid: 2514d0e1e00e6fc4caf27b16aa42653e,
        type: 3}
      propertyPath: m_LocalEulerAnglesHint.x
      value: 0
      objectReference: {fileID: 0}
    - target: {fileID: 2671815231723434876, guid: 2514d0e1e00e6fc4caf27b16aa42653e,
        type: 3}
      propertyPath: m_LocalEulerAnglesHint.y
      value: 0
      objectReference: {fileID: 0}
    - target: {fileID: 2671815231723434876, guid: 2514d0e1e00e6fc4caf27b16aa42653e,
        type: 3}
      propertyPath: m_LocalEulerAnglesHint.z
      value: 0
      objectReference: {fileID: 0}
    m_RemovedComponents: []
  m_SourcePrefab: {fileID: 100100000, guid: 2514d0e1e00e6fc4caf27b16aa42653e, type: 3}
--- !u!1 &1410355991
GameObject:
  m_ObjectHideFlags: 0
  m_CorrespondingSourceObject: {fileID: 0}
  m_PrefabInstance: {fileID: 0}
  m_PrefabAsset: {fileID: 0}
  serializedVersion: 6
  m_Component:
  - component: {fileID: 1410355993}
  - component: {fileID: 1410355992}
  - component: {fileID: 1410355994}
  m_Layer: 0
  m_Name: UiMenager
  m_TagString: Untagged
  m_Icon: {fileID: 0}
  m_NavMeshLayer: 0
  m_StaticEditorFlags: 0
  m_IsActive: 1
--- !u!212 &1410355992
SpriteRenderer:
  m_ObjectHideFlags: 0
  m_CorrespondingSourceObject: {fileID: 0}
  m_PrefabInstance: {fileID: 0}
  m_PrefabAsset: {fileID: 0}
  m_GameObject: {fileID: 1410355991}
  m_Enabled: 1
  m_CastShadows: 0
  m_ReceiveShadows: 0
  m_DynamicOccludee: 1
  m_MotionVectors: 1
  m_LightProbeUsage: 1
  m_ReflectionProbeUsage: 1
  m_RenderingLayerMask: 1
  m_RendererPriority: 0
  m_Materials:
  - {fileID: 10754, guid: 0000000000000000f000000000000000, type: 0}
  m_StaticBatchInfo:
    firstSubMesh: 0
    subMeshCount: 0
  m_StaticBatchRoot: {fileID: 0}
  m_ProbeAnchor: {fileID: 0}
  m_LightProbeVolumeOverride: {fileID: 0}
  m_ScaleInLightmap: 1
  m_PreserveUVs: 0
  m_IgnoreNormalsForChartDetection: 0
  m_ImportantGI: 0
  m_StitchLightmapSeams: 1
  m_SelectedEditorRenderState: 0
  m_MinimumChartSize: 4
  m_AutoUVMaxDistance: 0.5
  m_AutoUVMaxAngle: 89
  m_LightmapParameters: {fileID: 0}
  m_SortingLayerID: 0
  m_SortingLayer: 0
  m_SortingOrder: 0
  m_Sprite: {fileID: 0}
  m_Color: {r: 1, g: 1, b: 1, a: 1}
  m_FlipX: 0
  m_FlipY: 0
  m_DrawMode: 0
  m_Size: {x: 1, y: 1}
  m_AdaptiveModeThreshold: 0.5
  m_SpriteTileMode: 0
  m_WasSpriteAssigned: 0
  m_MaskInteraction: 0
  m_SpriteSortPoint: 0
--- !u!4 &1410355993
Transform:
  m_ObjectHideFlags: 0
  m_CorrespondingSourceObject: {fileID: 0}
  m_PrefabInstance: {fileID: 0}
  m_PrefabAsset: {fileID: 0}
  m_GameObject: {fileID: 1410355991}
  m_LocalRotation: {x: 0, y: 0, z: 0, w: 1}
  m_LocalPosition: {x: -0.706046, y: 1.3771327, z: -1.48659}
  m_LocalScale: {x: 1, y: 1, z: 1}
  m_Children:
  - {fileID: 1639347940}
  m_Father: {fileID: 0}
  m_RootOrder: 5
  m_LocalEulerAnglesHint: {x: 0, y: 0, z: 0}
--- !u!114 &1410355994
MonoBehaviour:
  m_ObjectHideFlags: 0
  m_CorrespondingSourceObject: {fileID: 0}
  m_PrefabInstance: {fileID: 0}
  m_PrefabAsset: {fileID: 0}
  m_GameObject: {fileID: 1410355991}
  m_Enabled: 1
  m_EditorHideFlags: 0
  m_Script: {fileID: 11500000, guid: fd4025f2eb88eb84a85ed4e8d48a1473, type: 3}
  m_Name: 
  m_EditorClassIdentifier: 
  lives:
  - {fileID: 1720573250}
  - {fileID: 1241010760}
  - {fileID: 205859448}
  score: {fileID: 2088007477}
  RestartMenu: {fileID: 0}
  InGameUi: {fileID: 0}
  VictoryScreen: {fileID: 0}
  easy: {fileID: 0}
  hard: {fileID: 0}
  died: {fileID: 0}
  endScore: {fileID: 0}
  grade: {fileID: 0}
--- !u!1001 &1585432734
PrefabInstance:
  m_ObjectHideFlags: 0
  serializedVersion: 2
  m_Modification:
    m_TransformParent: {fileID: 0}
    m_Modifications:
    - target: {fileID: 2671815231723434872, guid: 2514d0e1e00e6fc4caf27b16aa42653e,
        type: 3}
      propertyPath: m_Name
      value: spikes (3)
      objectReference: {fileID: 0}
    - target: {fileID: 2671815231723434876, guid: 2514d0e1e00e6fc4caf27b16aa42653e,
        type: 3}
      propertyPath: m_LocalPosition.x
      value: 1.4845064
      objectReference: {fileID: 0}
    - target: {fileID: 2671815231723434876, guid: 2514d0e1e00e6fc4caf27b16aa42653e,
        type: 3}
      propertyPath: m_LocalPosition.y
      value: -28.37
      objectReference: {fileID: 0}
    - target: {fileID: 2671815231723434876, guid: 2514d0e1e00e6fc4caf27b16aa42653e,
        type: 3}
      propertyPath: m_LocalPosition.z
      value: 0
      objectReference: {fileID: 0}
    - target: {fileID: 2671815231723434876, guid: 2514d0e1e00e6fc4caf27b16aa42653e,
        type: 3}
      propertyPath: m_LocalRotation.x
      value: 0
      objectReference: {fileID: 0}
    - target: {fileID: 2671815231723434876, guid: 2514d0e1e00e6fc4caf27b16aa42653e,
        type: 3}
      propertyPath: m_LocalRotation.y
      value: 0
      objectReference: {fileID: 0}
    - target: {fileID: 2671815231723434876, guid: 2514d0e1e00e6fc4caf27b16aa42653e,
        type: 3}
      propertyPath: m_LocalRotation.z
      value: 0
      objectReference: {fileID: 0}
    - target: {fileID: 2671815231723434876, guid: 2514d0e1e00e6fc4caf27b16aa42653e,
        type: 3}
      propertyPath: m_LocalRotation.w
      value: 1
      objectReference: {fileID: 0}
    - target: {fileID: 2671815231723434876, guid: 2514d0e1e00e6fc4caf27b16aa42653e,
        type: 3}
      propertyPath: m_RootOrder
      value: 12
      objectReference: {fileID: 0}
    - target: {fileID: 2671815231723434876, guid: 2514d0e1e00e6fc4caf27b16aa42653e,
        type: 3}
      propertyPath: m_LocalEulerAnglesHint.x
      value: 0
      objectReference: {fileID: 0}
    - target: {fileID: 2671815231723434876, guid: 2514d0e1e00e6fc4caf27b16aa42653e,
        type: 3}
      propertyPath: m_LocalEulerAnglesHint.y
      value: 0
      objectReference: {fileID: 0}
    - target: {fileID: 2671815231723434876, guid: 2514d0e1e00e6fc4caf27b16aa42653e,
        type: 3}
      propertyPath: m_LocalEulerAnglesHint.z
      value: 0
      objectReference: {fileID: 0}
    m_RemovedComponents: []
  m_SourcePrefab: {fileID: 100100000, guid: 2514d0e1e00e6fc4caf27b16aa42653e, type: 3}
--- !u!1001 &1607988662
PrefabInstance:
  m_ObjectHideFlags: 0
  serializedVersion: 2
  m_Modification:
    m_TransformParent: {fileID: 0}
    m_Modifications:
    - target: {fileID: 2671815231723434872, guid: 2514d0e1e00e6fc4caf27b16aa42653e,
        type: 3}
      propertyPath: m_Name
      value: spikes (2)
      objectReference: {fileID: 0}
    - target: {fileID: 2671815231723434876, guid: 2514d0e1e00e6fc4caf27b16aa42653e,
        type: 3}
      propertyPath: m_LocalPosition.x
      value: 7.33
      objectReference: {fileID: 0}
    - target: {fileID: 2671815231723434876, guid: 2514d0e1e00e6fc4caf27b16aa42653e,
        type: 3}
      propertyPath: m_LocalPosition.y
      value: -25.28
      objectReference: {fileID: 0}
    - target: {fileID: 2671815231723434876, guid: 2514d0e1e00e6fc4caf27b16aa42653e,
        type: 3}
      propertyPath: m_LocalPosition.z
      value: 0
      objectReference: {fileID: 0}
    - target: {fileID: 2671815231723434876, guid: 2514d0e1e00e6fc4caf27b16aa42653e,
        type: 3}
      propertyPath: m_LocalRotation.x
      value: 0
      objectReference: {fileID: 0}
    - target: {fileID: 2671815231723434876, guid: 2514d0e1e00e6fc4caf27b16aa42653e,
        type: 3}
      propertyPath: m_LocalRotation.y
      value: 0
      objectReference: {fileID: 0}
    - target: {fileID: 2671815231723434876, guid: 2514d0e1e00e6fc4caf27b16aa42653e,
        type: 3}
      propertyPath: m_LocalRotation.z
      value: 0
      objectReference: {fileID: 0}
    - target: {fileID: 2671815231723434876, guid: 2514d0e1e00e6fc4caf27b16aa42653e,
        type: 3}
      propertyPath: m_LocalRotation.w
      value: 1
      objectReference: {fileID: 0}
    - target: {fileID: 2671815231723434876, guid: 2514d0e1e00e6fc4caf27b16aa42653e,
        type: 3}
      propertyPath: m_RootOrder
      value: 11
      objectReference: {fileID: 0}
    - target: {fileID: 2671815231723434876, guid: 2514d0e1e00e6fc4caf27b16aa42653e,
        type: 3}
      propertyPath: m_LocalEulerAnglesHint.x
      value: 0
      objectReference: {fileID: 0}
    - target: {fileID: 2671815231723434876, guid: 2514d0e1e00e6fc4caf27b16aa42653e,
        type: 3}
      propertyPath: m_LocalEulerAnglesHint.y
      value: 0
      objectReference: {fileID: 0}
    - target: {fileID: 2671815231723434876, guid: 2514d0e1e00e6fc4caf27b16aa42653e,
        type: 3}
      propertyPath: m_LocalEulerAnglesHint.z
      value: 0
      objectReference: {fileID: 0}
    m_RemovedComponents: []
  m_SourcePrefab: {fileID: 100100000, guid: 2514d0e1e00e6fc4caf27b16aa42653e, type: 3}
--- !u!1 &1639347939
GameObject:
  m_ObjectHideFlags: 0
  m_CorrespondingSourceObject: {fileID: 0}
  m_PrefabInstance: {fileID: 0}
  m_PrefabAsset: {fileID: 0}
  serializedVersion: 6
  m_Component:
  - component: {fileID: 1639347940}
  - component: {fileID: 1639347943}
  - component: {fileID: 1639347942}
  - component: {fileID: 1639347941}
  m_Layer: 5
  m_Name: InGameUI
  m_TagString: Untagged
  m_Icon: {fileID: 0}
  m_NavMeshLayer: 0
  m_StaticEditorFlags: 0
  m_IsActive: 1
--- !u!224 &1639347940
RectTransform:
  m_ObjectHideFlags: 0
  m_CorrespondingSourceObject: {fileID: 0}
  m_PrefabInstance: {fileID: 0}
  m_PrefabAsset: {fileID: 0}
  m_GameObject: {fileID: 1639347939}
  m_LocalRotation: {x: 0, y: 0, z: 0, w: 1}
  m_LocalPosition: {x: 0, y: 0, z: 0}
  m_LocalScale: {x: 0, y: 0, z: 0}
  m_Children:
  - {fileID: 1720573249}
  - {fileID: 1241010759}
  - {fileID: 205859447}
  - {fileID: 1799661011}
  - {fileID: 2088007476}
  m_Father: {fileID: 1410355993}
  m_RootOrder: 0
  m_LocalEulerAnglesHint: {x: 0, y: 0, z: 0}
  m_AnchorMin: {x: 0, y: 0}
  m_AnchorMax: {x: 0, y: 0}
  m_AnchoredPosition: {x: 0, y: 0}
  m_SizeDelta: {x: 0, y: 0}
  m_Pivot: {x: 0, y: 0}
--- !u!114 &1639347941
MonoBehaviour:
  m_ObjectHideFlags: 0
  m_CorrespondingSourceObject: {fileID: 0}
  m_PrefabInstance: {fileID: 0}
  m_PrefabAsset: {fileID: 0}
  m_GameObject: {fileID: 1639347939}
  m_Enabled: 1
  m_EditorHideFlags: 0
  m_Script: {fileID: 1301386320, guid: f70555f144d8491a825f0804e09c671c, type: 3}
  m_Name: 
  m_EditorClassIdentifier: 
  m_IgnoreReversedGraphics: 1
  m_BlockingObjects: 0
  m_BlockingMask:
    serializedVersion: 2
    m_Bits: 4294967295
--- !u!114 &1639347942
MonoBehaviour:
  m_ObjectHideFlags: 0
  m_CorrespondingSourceObject: {fileID: 0}
  m_PrefabInstance: {fileID: 0}
  m_PrefabAsset: {fileID: 0}
  m_GameObject: {fileID: 1639347939}
  m_Enabled: 1
  m_EditorHideFlags: 0
  m_Script: {fileID: 1980459831, guid: f70555f144d8491a825f0804e09c671c, type: 3}
  m_Name: 
  m_EditorClassIdentifier: 
  m_UiScaleMode: 1
  m_ReferencePixelsPerUnit: 100
  m_ScaleFactor: 1
  m_ReferenceResolution: {x: 1920, y: 1080}
  m_ScreenMatchMode: 0
  m_MatchWidthOrHeight: 0
  m_PhysicalUnit: 3
  m_FallbackScreenDPI: 96
  m_DefaultSpriteDPI: 96
  m_DynamicPixelsPerUnit: 1
--- !u!223 &1639347943
Canvas:
  m_ObjectHideFlags: 0
  m_CorrespondingSourceObject: {fileID: 0}
  m_PrefabInstance: {fileID: 0}
  m_PrefabAsset: {fileID: 0}
  m_GameObject: {fileID: 1639347939}
  m_Enabled: 1
  serializedVersion: 3
  m_RenderMode: 0
  m_Camera: {fileID: 0}
  m_PlaneDistance: 100
  m_PixelPerfect: 0
  m_ReceivesEvents: 1
  m_OverrideSorting: 0
  m_OverridePixelPerfect: 0
  m_SortingBucketNormalizedSize: 0
  m_AdditionalShaderChannelsFlag: 0
  m_SortingLayerID: 0
  m_SortingOrder: 0
  m_TargetDisplay: 0
--- !u!1001 &1651474290
PrefabInstance:
  m_ObjectHideFlags: 0
  serializedVersion: 2
  m_Modification:
    m_TransformParent: {fileID: 0}
    m_Modifications:
    - target: {fileID: 1174062648101306409, guid: ef1e68fa2168db7449cbb38c22634eda,
        type: 3}
      propertyPath: m_Name
      value: Box (1)
      objectReference: {fileID: 0}
    - target: {fileID: 1174062648101306408, guid: ef1e68fa2168db7449cbb38c22634eda,
        type: 3}
      propertyPath: m_LocalPosition.x
      value: -145.42386
      objectReference: {fileID: 0}
    - target: {fileID: 1174062648101306408, guid: ef1e68fa2168db7449cbb38c22634eda,
        type: 3}
      propertyPath: m_LocalPosition.y
      value: 41.218605
      objectReference: {fileID: 0}
    - target: {fileID: 1174062648101306408, guid: ef1e68fa2168db7449cbb38c22634eda,
        type: 3}
      propertyPath: m_LocalPosition.z
      value: -1.4865723
      objectReference: {fileID: 0}
    - target: {fileID: 1174062648101306408, guid: ef1e68fa2168db7449cbb38c22634eda,
        type: 3}
      propertyPath: m_LocalRotation.x
      value: -0
      objectReference: {fileID: 0}
    - target: {fileID: 1174062648101306408, guid: ef1e68fa2168db7449cbb38c22634eda,
        type: 3}
      propertyPath: m_LocalRotation.y
      value: -0
      objectReference: {fileID: 0}
    - target: {fileID: 1174062648101306408, guid: ef1e68fa2168db7449cbb38c22634eda,
        type: 3}
      propertyPath: m_LocalRotation.z
      value: -0
      objectReference: {fileID: 0}
    - target: {fileID: 1174062648101306408, guid: ef1e68fa2168db7449cbb38c22634eda,
        type: 3}
      propertyPath: m_LocalRotation.w
      value: 1
      objectReference: {fileID: 0}
    - target: {fileID: 1174062648101306408, guid: ef1e68fa2168db7449cbb38c22634eda,
        type: 3}
      propertyPath: m_RootOrder
      value: 24
      objectReference: {fileID: 0}
    - target: {fileID: 1174062648101306408, guid: ef1e68fa2168db7449cbb38c22634eda,
        type: 3}
      propertyPath: m_LocalEulerAnglesHint.x
      value: 0
      objectReference: {fileID: 0}
    - target: {fileID: 1174062648101306408, guid: ef1e68fa2168db7449cbb38c22634eda,
        type: 3}
      propertyPath: m_LocalEulerAnglesHint.y
      value: 0
      objectReference: {fileID: 0}
    - target: {fileID: 1174062648101306408, guid: ef1e68fa2168db7449cbb38c22634eda,
        type: 3}
      propertyPath: m_LocalEulerAnglesHint.z
      value: 0
      objectReference: {fileID: 0}
    - target: {fileID: 8138913811281909088, guid: ef1e68fa2168db7449cbb38c22634eda,
        type: 3}
      propertyPath: m_IsActive
      value: 1
      objectReference: {fileID: 0}
    m_RemovedComponents: []
  m_SourcePrefab: {fileID: 100100000, guid: ef1e68fa2168db7449cbb38c22634eda, type: 3}
--- !u!1001 &1658245792
PrefabInstance:
  m_ObjectHideFlags: 0
  serializedVersion: 2
  m_Modification:
    m_TransformParent: {fileID: 0}
    m_Modifications:
    - target: {fileID: 6969356978667980530, guid: cf88add364c63af43a2425fe851ccb4d,
        type: 3}
      propertyPath: m_Name
      value: Platform (3)
      objectReference: {fileID: 0}
    - target: {fileID: 6969356978667980529, guid: cf88add364c63af43a2425fe851ccb4d,
        type: 3}
      propertyPath: m_LocalPosition.x
      value: 2.529
      objectReference: {fileID: 0}
    - target: {fileID: 6969356978667980529, guid: cf88add364c63af43a2425fe851ccb4d,
        type: 3}
      propertyPath: m_LocalPosition.y
      value: -29.091734
      objectReference: {fileID: 0}
    - target: {fileID: 6969356978667980529, guid: cf88add364c63af43a2425fe851ccb4d,
        type: 3}
      propertyPath: m_LocalPosition.z
      value: 0
      objectReference: {fileID: 0}
    - target: {fileID: 6969356978667980529, guid: cf88add364c63af43a2425fe851ccb4d,
        type: 3}
      propertyPath: m_LocalRotation.x
      value: 0
      objectReference: {fileID: 0}
    - target: {fileID: 6969356978667980529, guid: cf88add364c63af43a2425fe851ccb4d,
        type: 3}
      propertyPath: m_LocalRotation.y
      value: 0
      objectReference: {fileID: 0}
    - target: {fileID: 6969356978667980529, guid: cf88add364c63af43a2425fe851ccb4d,
        type: 3}
      propertyPath: m_LocalRotation.z
      value: 0
      objectReference: {fileID: 0}
    - target: {fileID: 6969356978667980529, guid: cf88add364c63af43a2425fe851ccb4d,
        type: 3}
      propertyPath: m_LocalRotation.w
      value: 1
      objectReference: {fileID: 0}
    - target: {fileID: 6969356978667980529, guid: cf88add364c63af43a2425fe851ccb4d,
        type: 3}
      propertyPath: m_RootOrder
      value: 13
      objectReference: {fileID: 0}
    - target: {fileID: 6969356978667980529, guid: cf88add364c63af43a2425fe851ccb4d,
        type: 3}
      propertyPath: m_LocalEulerAnglesHint.x
      value: 0
      objectReference: {fileID: 0}
    - target: {fileID: 6969356978667980529, guid: cf88add364c63af43a2425fe851ccb4d,
        type: 3}
      propertyPath: m_LocalEulerAnglesHint.y
      value: 0
      objectReference: {fileID: 0}
    - target: {fileID: 6969356978667980529, guid: cf88add364c63af43a2425fe851ccb4d,
        type: 3}
      propertyPath: m_LocalEulerAnglesHint.z
      value: 0
      objectReference: {fileID: 0}
    - target: {fileID: 6969356978667980528, guid: cf88add364c63af43a2425fe851ccb4d,
        type: 3}
      propertyPath: m_Size.x
      value: 6.577262
      objectReference: {fileID: 0}
    - target: {fileID: 6969356978667980535, guid: cf88add364c63af43a2425fe851ccb4d,
        type: 3}
      propertyPath: m_SpriteTilingProperty.newSize.x
      value: 6.577262
      objectReference: {fileID: 0}
    m_RemovedComponents: []
  m_SourcePrefab: {fileID: 100100000, guid: cf88add364c63af43a2425fe851ccb4d, type: 3}
--- !u!1 &1720573248
GameObject:
  m_ObjectHideFlags: 0
  m_CorrespondingSourceObject: {fileID: 0}
  m_PrefabInstance: {fileID: 0}
  m_PrefabAsset: {fileID: 0}
  serializedVersion: 6
  m_Component:
  - component: {fileID: 1720573249}
  - component: {fileID: 1720573251}
  - component: {fileID: 1720573250}
  m_Layer: 5
  m_Name: Live1
  m_TagString: Untagged
  m_Icon: {fileID: 0}
  m_NavMeshLayer: 0
  m_StaticEditorFlags: 0
  m_IsActive: 1
--- !u!224 &1720573249
RectTransform:
  m_ObjectHideFlags: 0
  m_CorrespondingSourceObject: {fileID: 0}
  m_PrefabInstance: {fileID: 0}
  m_PrefabAsset: {fileID: 0}
  m_GameObject: {fileID: 1720573248}
  m_LocalRotation: {x: 0, y: 0, z: 0, w: 1}
  m_LocalPosition: {x: 0, y: 0, z: 0}
  m_LocalScale: {x: 1, y: 1, z: 1}
  m_Children: []
  m_Father: {fileID: 1639347940}
  m_RootOrder: 0
  m_LocalEulerAnglesHint: {x: 0, y: 0, z: 0}
  m_AnchorMin: {x: 0.5, y: 0.5}
  m_AnchorMax: {x: 0.5, y: 0.5}
  m_AnchoredPosition: {x: -872, y: 455}
  m_SizeDelta: {x: 50, y: 50}
  m_Pivot: {x: 0.5, y: 0.5}
--- !u!114 &1720573250
MonoBehaviour:
  m_ObjectHideFlags: 0
  m_CorrespondingSourceObject: {fileID: 0}
  m_PrefabInstance: {fileID: 0}
  m_PrefabAsset: {fileID: 0}
  m_GameObject: {fileID: 1720573248}
  m_Enabled: 1
  m_EditorHideFlags: 0
  m_Script: {fileID: -98529514, guid: f70555f144d8491a825f0804e09c671c, type: 3}
  m_Name: 
  m_EditorClassIdentifier: 
  m_Material: {fileID: 0}
  m_Color: {r: 1, g: 1, b: 1, a: 1}
  m_RaycastTarget: 1
  m_OnCullStateChanged:
    m_PersistentCalls:
      m_Calls: []
    m_TypeName: UnityEngine.UI.MaskableGraphic+CullStateChangedEvent, UnityEngine.UI,
      Version=1.0.0.0, Culture=neutral, PublicKeyToken=null
  m_Texture: {fileID: 2800000, guid: a376ccb89210fb54195c4125d85e06cc, type: 3}
  m_UVRect:
    serializedVersion: 2
    x: 0
    y: 0
    width: 1
    height: 1
--- !u!222 &1720573251
CanvasRenderer:
  m_ObjectHideFlags: 0
  m_CorrespondingSourceObject: {fileID: 0}
  m_PrefabInstance: {fileID: 0}
  m_PrefabAsset: {fileID: 0}
  m_GameObject: {fileID: 1720573248}
  m_CullTransparentMesh: 0
--- !u!1001 &1756771788
PrefabInstance:
  m_ObjectHideFlags: 0
  serializedVersion: 2
  m_Modification:
    m_TransformParent: {fileID: 0}
    m_Modifications:
    - target: {fileID: 2671815231723434872, guid: 2514d0e1e00e6fc4caf27b16aa42653e,
        type: 3}
      propertyPath: m_Name
      value: spikes (5)
      objectReference: {fileID: 0}
    - target: {fileID: 2671815231723434876, guid: 2514d0e1e00e6fc4caf27b16aa42653e,
        type: 3}
      propertyPath: m_LocalPosition.x
      value: 3.5840003
      objectReference: {fileID: 0}
    - target: {fileID: 2671815231723434876, guid: 2514d0e1e00e6fc4caf27b16aa42653e,
        type: 3}
      propertyPath: m_LocalPosition.y
      value: -28.37
      objectReference: {fileID: 0}
    - target: {fileID: 2671815231723434876, guid: 2514d0e1e00e6fc4caf27b16aa42653e,
        type: 3}
      propertyPath: m_LocalPosition.z
      value: 0
      objectReference: {fileID: 0}
    - target: {fileID: 2671815231723434876, guid: 2514d0e1e00e6fc4caf27b16aa42653e,
        type: 3}
      propertyPath: m_LocalRotation.x
      value: 0
      objectReference: {fileID: 0}
    - target: {fileID: 2671815231723434876, guid: 2514d0e1e00e6fc4caf27b16aa42653e,
        type: 3}
      propertyPath: m_LocalRotation.y
      value: 0
      objectReference: {fileID: 0}
    - target: {fileID: 2671815231723434876, guid: 2514d0e1e00e6fc4caf27b16aa42653e,
        type: 3}
      propertyPath: m_LocalRotation.z
      value: 0
      objectReference: {fileID: 0}
    - target: {fileID: 2671815231723434876, guid: 2514d0e1e00e6fc4caf27b16aa42653e,
        type: 3}
      propertyPath: m_LocalRotation.w
      value: 1
      objectReference: {fileID: 0}
    - target: {fileID: 2671815231723434876, guid: 2514d0e1e00e6fc4caf27b16aa42653e,
        type: 3}
      propertyPath: m_RootOrder
      value: 15
      objectReference: {fileID: 0}
    - target: {fileID: 2671815231723434876, guid: 2514d0e1e00e6fc4caf27b16aa42653e,
        type: 3}
      propertyPath: m_LocalEulerAnglesHint.x
      value: 0
      objectReference: {fileID: 0}
    - target: {fileID: 2671815231723434876, guid: 2514d0e1e00e6fc4caf27b16aa42653e,
        type: 3}
      propertyPath: m_LocalEulerAnglesHint.y
      value: 0
      objectReference: {fileID: 0}
    - target: {fileID: 2671815231723434876, guid: 2514d0e1e00e6fc4caf27b16aa42653e,
        type: 3}
      propertyPath: m_LocalEulerAnglesHint.z
      value: 0
      objectReference: {fileID: 0}
    m_RemovedComponents: []
  m_SourcePrefab: {fileID: 100100000, guid: 2514d0e1e00e6fc4caf27b16aa42653e, type: 3}
--- !u!1 &1799661010
GameObject:
  m_ObjectHideFlags: 0
  m_CorrespondingSourceObject: {fileID: 0}
  m_PrefabInstance: {fileID: 0}
  m_PrefabAsset: {fileID: 0}
  serializedVersion: 6
  m_Component:
  - component: {fileID: 1799661011}
  - component: {fileID: 1799661013}
  - component: {fileID: 1799661012}
  m_Layer: 5
  m_Name: Text
  m_TagString: Untagged
  m_Icon: {fileID: 0}
  m_NavMeshLayer: 0
  m_StaticEditorFlags: 0
  m_IsActive: 1
--- !u!224 &1799661011
RectTransform:
  m_ObjectHideFlags: 0
  m_CorrespondingSourceObject: {fileID: 0}
  m_PrefabInstance: {fileID: 0}
  m_PrefabAsset: {fileID: 0}
  m_GameObject: {fileID: 1799661010}
  m_LocalRotation: {x: 0, y: 0, z: 0, w: 1}
  m_LocalPosition: {x: 0, y: 0, z: 0}
  m_LocalScale: {x: 1, y: 1, z: 1}
  m_Children: []
  m_Father: {fileID: 1639347940}
  m_RootOrder: 3
  m_LocalEulerAnglesHint: {x: 0, y: 0, z: 0}
  m_AnchorMin: {x: 0.5, y: 0.5}
  m_AnchorMax: {x: 0.5, y: 0.5}
  m_AnchoredPosition: {x: 821, y: 448}
  m_SizeDelta: {x: 160, y: 60}
  m_Pivot: {x: 0.5, y: 0.5}
--- !u!114 &1799661012
MonoBehaviour:
  m_ObjectHideFlags: 0
  m_CorrespondingSourceObject: {fileID: 0}
  m_PrefabInstance: {fileID: 0}
  m_PrefabAsset: {fileID: 0}
  m_GameObject: {fileID: 1799661010}
  m_Enabled: 1
  m_EditorHideFlags: 0
  m_Script: {fileID: 708705254, guid: f70555f144d8491a825f0804e09c671c, type: 3}
  m_Name: 
  m_EditorClassIdentifier: 
  m_Material: {fileID: 0}
  m_Color: {r: 1, g: 1, b: 1, a: 1}
  m_RaycastTarget: 1
  m_OnCullStateChanged:
    m_PersistentCalls:
      m_Calls: []
    m_TypeName: UnityEngine.UI.MaskableGraphic+CullStateChangedEvent, UnityEngine.UI,
      Version=1.0.0.0, Culture=neutral, PublicKeyToken=null
  m_FontData:
    m_Font: {fileID: 10102, guid: 0000000000000000e000000000000000, type: 0}
    m_FontSize: 40
    m_FontStyle: 0
    m_BestFit: 0
    m_MinSize: 4
    m_MaxSize: 40
    m_Alignment: 5
    m_AlignByGeometry: 0
    m_RichText: 1
    m_HorizontalOverflow: 0
    m_VerticalOverflow: 0
    m_LineSpacing: 1
  m_Text: 'Score:'
--- !u!222 &1799661013
CanvasRenderer:
  m_ObjectHideFlags: 0
  m_CorrespondingSourceObject: {fileID: 0}
  m_PrefabInstance: {fileID: 0}
  m_PrefabAsset: {fileID: 0}
  m_GameObject: {fileID: 1799661010}
  m_CullTransparentMesh: 0
--- !u!1 &2088007475
GameObject:
  m_ObjectHideFlags: 0
  m_CorrespondingSourceObject: {fileID: 0}
  m_PrefabInstance: {fileID: 0}
  m_PrefabAsset: {fileID: 0}
  serializedVersion: 6
  m_Component:
  - component: {fileID: 2088007476}
  - component: {fileID: 2088007478}
  - component: {fileID: 2088007477}
  m_Layer: 5
  m_Name: score
  m_TagString: Untagged
  m_Icon: {fileID: 0}
  m_NavMeshLayer: 0
  m_StaticEditorFlags: 0
  m_IsActive: 1
--- !u!224 &2088007476
RectTransform:
  m_ObjectHideFlags: 0
  m_CorrespondingSourceObject: {fileID: 0}
  m_PrefabInstance: {fileID: 0}
  m_PrefabAsset: {fileID: 0}
  m_GameObject: {fileID: 2088007475}
  m_LocalRotation: {x: -0, y: -0, z: -0, w: 1}
  m_LocalPosition: {x: 0, y: 0, z: 0}
  m_LocalScale: {x: 1, y: 1, z: 1}
  m_Children: []
  m_Father: {fileID: 1639347940}
  m_RootOrder: 4
  m_LocalEulerAnglesHint: {x: 0, y: 0, z: 0}
  m_AnchorMin: {x: 0.5, y: 0.5}
  m_AnchorMax: {x: 0.5, y: 0.5}
  m_AnchoredPosition: {x: 778.4, y: 383}
  m_SizeDelta: {x: 245.2, y: 60}
  m_Pivot: {x: 0.5, y: 0.5}
--- !u!114 &2088007477
MonoBehaviour:
  m_ObjectHideFlags: 0
  m_CorrespondingSourceObject: {fileID: 0}
  m_PrefabInstance: {fileID: 0}
  m_PrefabAsset: {fileID: 0}
  m_GameObject: {fileID: 2088007475}
  m_Enabled: 1
  m_EditorHideFlags: 0
  m_Script: {fileID: 708705254, guid: f70555f144d8491a825f0804e09c671c, type: 3}
  m_Name: 
  m_EditorClassIdentifier: 
  m_Material: {fileID: 0}
  m_Color: {r: 1, g: 1, b: 1, a: 1}
  m_RaycastTarget: 1
  m_OnCullStateChanged:
    m_PersistentCalls:
      m_Calls: []
    m_TypeName: UnityEngine.UI.MaskableGraphic+CullStateChangedEvent, UnityEngine.UI,
      Version=1.0.0.0, Culture=neutral, PublicKeyToken=null
  m_FontData:
    m_Font: {fileID: 10102, guid: 0000000000000000e000000000000000, type: 0}
    m_FontSize: 40
    m_FontStyle: 0
    m_BestFit: 0
    m_MinSize: 4
    m_MaxSize: 40
    m_Alignment: 5
    m_AlignByGeometry: 0
    m_RichText: 1
    m_HorizontalOverflow: 0
    m_VerticalOverflow: 0
    m_LineSpacing: 1
  m_Text: 0
--- !u!222 &2088007478
CanvasRenderer:
  m_ObjectHideFlags: 0
  m_CorrespondingSourceObject: {fileID: 0}
  m_PrefabInstance: {fileID: 0}
  m_PrefabAsset: {fileID: 0}
  m_GameObject: {fileID: 2088007475}
  m_CullTransparentMesh: 0
--- !u!1001 &1174062647906374537
PrefabInstance:
  m_ObjectHideFlags: 0
  serializedVersion: 2
  m_Modification:
    m_TransformParent: {fileID: 0}
    m_Modifications:
    - target: {fileID: 1174062648101306409, guid: ef1e68fa2168db7449cbb38c22634eda,
        type: 3}
      propertyPath: m_Name
      value: Box
      objectReference: {fileID: 0}
    - target: {fileID: 1174062648101306408, guid: ef1e68fa2168db7449cbb38c22634eda,
        type: 3}
      propertyPath: m_LocalPosition.x
      value: 0
      objectReference: {fileID: 0}
    - target: {fileID: 1174062648101306408, guid: ef1e68fa2168db7449cbb38c22634eda,
        type: 3}
      propertyPath: m_LocalPosition.y
      value: 0
      objectReference: {fileID: 0}
    - target: {fileID: 1174062648101306408, guid: ef1e68fa2168db7449cbb38c22634eda,
        type: 3}
      propertyPath: m_LocalPosition.z
      value: -1.48659
      objectReference: {fileID: 0}
    - target: {fileID: 1174062648101306408, guid: ef1e68fa2168db7449cbb38c22634eda,
        type: 3}
      propertyPath: m_LocalRotation.x
      value: -0
      objectReference: {fileID: 0}
    - target: {fileID: 1174062648101306408, guid: ef1e68fa2168db7449cbb38c22634eda,
        type: 3}
      propertyPath: m_LocalRotation.y
      value: -0
      objectReference: {fileID: 0}
    - target: {fileID: 1174062648101306408, guid: ef1e68fa2168db7449cbb38c22634eda,
        type: 3}
      propertyPath: m_LocalRotation.z
      value: -0
      objectReference: {fileID: 0}
    - target: {fileID: 1174062648101306408, guid: ef1e68fa2168db7449cbb38c22634eda,
        type: 3}
      propertyPath: m_LocalRotation.w
      value: 1
      objectReference: {fileID: 0}
    - target: {fileID: 1174062648101306408, guid: ef1e68fa2168db7449cbb38c22634eda,
        type: 3}
      propertyPath: m_RootOrder
      value: 8
      objectReference: {fileID: 0}
    - target: {fileID: 1174062648101306408, guid: ef1e68fa2168db7449cbb38c22634eda,
        type: 3}
      propertyPath: m_LocalEulerAnglesHint.x
      value: 0
      objectReference: {fileID: 0}
    - target: {fileID: 1174062648101306408, guid: ef1e68fa2168db7449cbb38c22634eda,
        type: 3}
      propertyPath: m_LocalEulerAnglesHint.y
      value: 0
      objectReference: {fileID: 0}
    - target: {fileID: 1174062648101306408, guid: ef1e68fa2168db7449cbb38c22634eda,
        type: 3}
      propertyPath: m_LocalEulerAnglesHint.z
      value: 0
      objectReference: {fileID: 0}
    - target: {fileID: 8138913811281909091, guid: ef1e68fa2168db7449cbb38c22634eda,
        type: 3}
      propertyPath: m_LocalPosition.y
      value: -32.47
      objectReference: {fileID: 0}
    - target: {fileID: 8138913810253792371, guid: ef1e68fa2168db7449cbb38c22634eda,
        type: 3}
      propertyPath: m_LocalPosition.y
      value: -17.57
      objectReference: {fileID: 0}
    - target: {fileID: 8138913811963602693, guid: ef1e68fa2168db7449cbb38c22634eda,
        type: 3}
      propertyPath: m_LocalPosition.y
      value: -17.57
      objectReference: {fileID: 0}
    - target: {fileID: 8138913810253792370, guid: ef1e68fa2168db7449cbb38c22634eda,
        type: 3}
      propertyPath: m_Size.y
      value: 129.88403
      objectReference: {fileID: 0}
    - target: {fileID: 8138913811963602692, guid: ef1e68fa2168db7449cbb38c22634eda,
        type: 3}
      propertyPath: m_Size.y
      value: 129.88403
      objectReference: {fileID: 0}
    - target: {fileID: 8138913810253792373, guid: ef1e68fa2168db7449cbb38c22634eda,
        type: 3}
      propertyPath: m_SpriteTilingProperty.newSize.y
      value: 129.88403
      objectReference: {fileID: 0}
    - target: {fileID: 8138913811963602691, guid: ef1e68fa2168db7449cbb38c22634eda,
        type: 3}
      propertyPath: m_SpriteTilingProperty.newSize.y
      value: 129.88403
      objectReference: {fileID: 0}
    m_RemovedComponents: []
  m_SourcePrefab: {fileID: 100100000, guid: ef1e68fa2168db7449cbb38c22634eda, type: 3}
--- !u!1001 &1318603788505341981
PrefabInstance:
  m_ObjectHideFlags: 0
  serializedVersion: 2
  m_Modification:
    m_TransformParent: {fileID: 0}
    m_Modifications:
    - target: {fileID: 1318603787395489546, guid: 1cfba8629e494a74da39491eb98d2735,
        type: 3}
      propertyPath: m_Name
      value: easy5
      objectReference: {fileID: 0}
    - target: {fileID: 1318603787395489541, guid: 1cfba8629e494a74da39491eb98d2735,
        type: 3}
      propertyPath: m_LocalPosition.x
      value: -161.40161
      objectReference: {fileID: 0}
    - target: {fileID: 1318603787395489541, guid: 1cfba8629e494a74da39491eb98d2735,
        type: 3}
      propertyPath: m_LocalPosition.y
      value: 39.99786
      objectReference: {fileID: 0}
    - target: {fileID: 1318603787395489541, guid: 1cfba8629e494a74da39491eb98d2735,
        type: 3}
      propertyPath: m_LocalPosition.z
      value: -1072.4338
      objectReference: {fileID: 0}
    - target: {fileID: 1318603787395489541, guid: 1cfba8629e494a74da39491eb98d2735,
        type: 3}
      propertyPath: m_LocalRotation.x
      value: 0
      objectReference: {fileID: 0}
    - target: {fileID: 1318603787395489541, guid: 1cfba8629e494a74da39491eb98d2735,
        type: 3}
      propertyPath: m_LocalRotation.y
      value: 0
      objectReference: {fileID: 0}
    - target: {fileID: 1318603787395489541, guid: 1cfba8629e494a74da39491eb98d2735,
        type: 3}
      propertyPath: m_LocalRotation.z
      value: 0
      objectReference: {fileID: 0}
    - target: {fileID: 1318603787395489541, guid: 1cfba8629e494a74da39491eb98d2735,
        type: 3}
      propertyPath: m_LocalRotation.w
      value: 1
      objectReference: {fileID: 0}
    - target: {fileID: 1318603787395489541, guid: 1cfba8629e494a74da39491eb98d2735,
        type: 3}
      propertyPath: m_RootOrder
      value: 25
      objectReference: {fileID: 0}
    - target: {fileID: 1318603787395489541, guid: 1cfba8629e494a74da39491eb98d2735,
        type: 3}
      propertyPath: m_LocalEulerAnglesHint.x
      value: 0
      objectReference: {fileID: 0}
    - target: {fileID: 1318603787395489541, guid: 1cfba8629e494a74da39491eb98d2735,
        type: 3}
      propertyPath: m_LocalEulerAnglesHint.y
      value: 0
      objectReference: {fileID: 0}
    - target: {fileID: 1318603787395489541, guid: 1cfba8629e494a74da39491eb98d2735,
        type: 3}
      propertyPath: m_LocalEulerAnglesHint.z
      value: 0
      objectReference: {fileID: 0}
    m_RemovedComponents: []
  m_SourcePrefab: {fileID: 100100000, guid: 1cfba8629e494a74da39491eb98d2735, type: 3}
--- !u!1001 &1366535607592505394
PrefabInstance:
  m_ObjectHideFlags: 0
  serializedVersion: 2
  m_Modification:
    m_TransformParent: {fileID: 0}
    m_Modifications:
    - target: {fileID: 1366535607398802386, guid: 68279a78e316581459cc8ea04a6b8254,
        type: 3}
      propertyPath: m_Name
      value: hard2
      objectReference: {fileID: 0}
    - target: {fileID: 1366535607398802386, guid: 68279a78e316581459cc8ea04a6b8254,
        type: 3}
      propertyPath: m_IsActive
      value: 0
      objectReference: {fileID: 0}
    - target: {fileID: 1366535607398802387, guid: 68279a78e316581459cc8ea04a6b8254,
        type: 3}
      propertyPath: m_LocalPosition.x
      value: -153.5583
      objectReference: {fileID: 0}
    - target: {fileID: 1366535607398802387, guid: 68279a78e316581459cc8ea04a6b8254,
        type: 3}
      propertyPath: m_LocalPosition.y
      value: 36.21074
      objectReference: {fileID: 0}
    - target: {fileID: 1366535607398802387, guid: 68279a78e316581459cc8ea04a6b8254,
        type: 3}
      propertyPath: m_LocalPosition.z
      value: -1553.8236
      objectReference: {fileID: 0}
    - target: {fileID: 1366535607398802387, guid: 68279a78e316581459cc8ea04a6b8254,
        type: 3}
      propertyPath: m_LocalRotation.x
      value: 0
      objectReference: {fileID: 0}
    - target: {fileID: 1366535607398802387, guid: 68279a78e316581459cc8ea04a6b8254,
        type: 3}
      propertyPath: m_LocalRotation.y
      value: 0
      objectReference: {fileID: 0}
    - target: {fileID: 1366535607398802387, guid: 68279a78e316581459cc8ea04a6b8254,
        type: 3}
      propertyPath: m_LocalRotation.z
      value: 0
      objectReference: {fileID: 0}
    - target: {fileID: 1366535607398802387, guid: 68279a78e316581459cc8ea04a6b8254,
        type: 3}
      propertyPath: m_LocalRotation.w
      value: 1
      objectReference: {fileID: 0}
    - target: {fileID: 1366535607398802387, guid: 68279a78e316581459cc8ea04a6b8254,
        type: 3}
      propertyPath: m_RootOrder
      value: 21
      objectReference: {fileID: 0}
    - target: {fileID: 1366535607398802387, guid: 68279a78e316581459cc8ea04a6b8254,
        type: 3}
      propertyPath: m_LocalEulerAnglesHint.x
      value: 0
      objectReference: {fileID: 0}
    - target: {fileID: 1366535607398802387, guid: 68279a78e316581459cc8ea04a6b8254,
        type: 3}
      propertyPath: m_LocalEulerAnglesHint.y
      value: 0
      objectReference: {fileID: 0}
    - target: {fileID: 1366535607398802387, guid: 68279a78e316581459cc8ea04a6b8254,
        type: 3}
      propertyPath: m_LocalEulerAnglesHint.z
      value: 0
      objectReference: {fileID: 0}
    m_RemovedComponents: []
  m_SourcePrefab: {fileID: 100100000, guid: 68279a78e316581459cc8ea04a6b8254, type: 3}
--- !u!1001 &1447747269088983139
PrefabInstance:
  m_ObjectHideFlags: 0
  serializedVersion: 2
  m_Modification:
    m_TransformParent: {fileID: 0}
    m_Modifications:
    - target: {fileID: 1447747269229552287, guid: 095c89ef5add3954e83bbae6eb073af0,
        type: 3}
      propertyPath: m_Name
      value: hard3
      objectReference: {fileID: 0}
    - target: {fileID: 1447747269229552287, guid: 095c89ef5add3954e83bbae6eb073af0,
        type: 3}
      propertyPath: m_IsActive
      value: 0
      objectReference: {fileID: 0}
    - target: {fileID: 1447747269229552286, guid: 095c89ef5add3954e83bbae6eb073af0,
        type: 3}
      propertyPath: m_LocalPosition.x
      value: -153.5583
      objectReference: {fileID: 0}
    - target: {fileID: 1447747269229552286, guid: 095c89ef5add3954e83bbae6eb073af0,
        type: 3}
      propertyPath: m_LocalPosition.y
      value: 36.21074
      objectReference: {fileID: 0}
    - target: {fileID: 1447747269229552286, guid: 095c89ef5add3954e83bbae6eb073af0,
        type: 3}
      propertyPath: m_LocalPosition.z
      value: -1553.8236
      objectReference: {fileID: 0}
    - target: {fileID: 1447747269229552286, guid: 095c89ef5add3954e83bbae6eb073af0,
        type: 3}
      propertyPath: m_LocalRotation.x
      value: 0
      objectReference: {fileID: 0}
    - target: {fileID: 1447747269229552286, guid: 095c89ef5add3954e83bbae6eb073af0,
        type: 3}
      propertyPath: m_LocalRotation.y
      value: 0
      objectReference: {fileID: 0}
    - target: {fileID: 1447747269229552286, guid: 095c89ef5add3954e83bbae6eb073af0,
        type: 3}
      propertyPath: m_LocalRotation.z
      value: 0
      objectReference: {fileID: 0}
    - target: {fileID: 1447747269229552286, guid: 095c89ef5add3954e83bbae6eb073af0,
        type: 3}
      propertyPath: m_LocalRotation.w
      value: 1
      objectReference: {fileID: 0}
    - target: {fileID: 1447747269229552286, guid: 095c89ef5add3954e83bbae6eb073af0,
        type: 3}
      propertyPath: m_RootOrder
      value: 22
      objectReference: {fileID: 0}
    - target: {fileID: 1447747269229552286, guid: 095c89ef5add3954e83bbae6eb073af0,
        type: 3}
      propertyPath: m_LocalEulerAnglesHint.x
      value: 0
      objectReference: {fileID: 0}
    - target: {fileID: 1447747269229552286, guid: 095c89ef5add3954e83bbae6eb073af0,
        type: 3}
      propertyPath: m_LocalEulerAnglesHint.y
      value: 0
      objectReference: {fileID: 0}
    - target: {fileID: 1447747269229552286, guid: 095c89ef5add3954e83bbae6eb073af0,
        type: 3}
      propertyPath: m_LocalEulerAnglesHint.z
      value: 0
      objectReference: {fileID: 0}
    m_RemovedComponents: []
  m_SourcePrefab: {fileID: 100100000, guid: 095c89ef5add3954e83bbae6eb073af0, type: 3}
--- !u!1001 &1683544906731618374
PrefabInstance:
  m_ObjectHideFlags: 0
  serializedVersion: 2
  m_Modification:
    m_TransformParent: {fileID: 0}
    m_Modifications:
    - target: {fileID: 1683544906891429143, guid: 05eb40ed80c552a4eaed62aca23abfb0,
        type: 3}
      propertyPath: m_Name
      value: easy2
      objectReference: {fileID: 0}
    - target: {fileID: 1683544906891429143, guid: 05eb40ed80c552a4eaed62aca23abfb0,
        type: 3}
      propertyPath: m_IsActive
      value: 0
      objectReference: {fileID: 0}
    - target: {fileID: 1683544906891429140, guid: 05eb40ed80c552a4eaed62aca23abfb0,
        type: 3}
      propertyPath: m_LocalPosition.x
      value: -153.5583
      objectReference: {fileID: 0}
    - target: {fileID: 1683544906891429140, guid: 05eb40ed80c552a4eaed62aca23abfb0,
        type: 3}
      propertyPath: m_LocalPosition.y
      value: 36.21074
      objectReference: {fileID: 0}
    - target: {fileID: 1683544906891429140, guid: 05eb40ed80c552a4eaed62aca23abfb0,
        type: 3}
      propertyPath: m_LocalPosition.z
      value: -1553.8236
      objectReference: {fileID: 0}
    - target: {fileID: 1683544906891429140, guid: 05eb40ed80c552a4eaed62aca23abfb0,
        type: 3}
      propertyPath: m_LocalRotation.x
      value: 0
      objectReference: {fileID: 0}
    - target: {fileID: 1683544906891429140, guid: 05eb40ed80c552a4eaed62aca23abfb0,
        type: 3}
      propertyPath: m_LocalRotation.y
      value: 0
      objectReference: {fileID: 0}
    - target: {fileID: 1683544906891429140, guid: 05eb40ed80c552a4eaed62aca23abfb0,
        type: 3}
      propertyPath: m_LocalRotation.z
      value: 0
      objectReference: {fileID: 0}
    - target: {fileID: 1683544906891429140, guid: 05eb40ed80c552a4eaed62aca23abfb0,
        type: 3}
      propertyPath: m_LocalRotation.w
      value: 1
      objectReference: {fileID: 0}
    - target: {fileID: 1683544906891429140, guid: 05eb40ed80c552a4eaed62aca23abfb0,
        type: 3}
      propertyPath: m_RootOrder
      value: 18
      objectReference: {fileID: 0}
    - target: {fileID: 1683544906891429140, guid: 05eb40ed80c552a4eaed62aca23abfb0,
        type: 3}
      propertyPath: m_LocalEulerAnglesHint.x
      value: 0
      objectReference: {fileID: 0}
    - target: {fileID: 1683544906891429140, guid: 05eb40ed80c552a4eaed62aca23abfb0,
        type: 3}
      propertyPath: m_LocalEulerAnglesHint.y
      value: 0
      objectReference: {fileID: 0}
    - target: {fileID: 1683544906891429140, guid: 05eb40ed80c552a4eaed62aca23abfb0,
        type: 3}
      propertyPath: m_LocalEulerAnglesHint.z
      value: 0
      objectReference: {fileID: 0}
    m_RemovedComponents: []
  m_SourcePrefab: {fileID: 100100000, guid: 05eb40ed80c552a4eaed62aca23abfb0, type: 3}
--- !u!1001 &1802390973703222928
PrefabInstance:
  m_ObjectHideFlags: 0
  serializedVersion: 2
  m_Modification:
    m_TransformParent: {fileID: 0}
    m_Modifications:
    - target: {fileID: 1802390975283542546, guid: 9cdf9e003565c134f8d1bbb5e3861fe3,
        type: 3}
      propertyPath: m_Name
      value: hard1
      objectReference: {fileID: 0}
    - target: {fileID: 1802390975283542546, guid: 9cdf9e003565c134f8d1bbb5e3861fe3,
        type: 3}
      propertyPath: m_IsActive
      value: 0
      objectReference: {fileID: 0}
    - target: {fileID: 1802390975283542547, guid: 9cdf9e003565c134f8d1bbb5e3861fe3,
        type: 3}
      propertyPath: m_LocalPosition.x
      value: -153.5583
      objectReference: {fileID: 0}
    - target: {fileID: 1802390975283542547, guid: 9cdf9e003565c134f8d1bbb5e3861fe3,
        type: 3}
      propertyPath: m_LocalPosition.y
      value: 36.21074
      objectReference: {fileID: 0}
    - target: {fileID: 1802390975283542547, guid: 9cdf9e003565c134f8d1bbb5e3861fe3,
        type: 3}
      propertyPath: m_LocalPosition.z
      value: -1553.8236
      objectReference: {fileID: 0}
    - target: {fileID: 1802390975283542547, guid: 9cdf9e003565c134f8d1bbb5e3861fe3,
        type: 3}
      propertyPath: m_LocalRotation.x
      value: 0
      objectReference: {fileID: 0}
    - target: {fileID: 1802390975283542547, guid: 9cdf9e003565c134f8d1bbb5e3861fe3,
        type: 3}
      propertyPath: m_LocalRotation.y
      value: 0
      objectReference: {fileID: 0}
    - target: {fileID: 1802390975283542547, guid: 9cdf9e003565c134f8d1bbb5e3861fe3,
        type: 3}
      propertyPath: m_LocalRotation.z
      value: 0
      objectReference: {fileID: 0}
    - target: {fileID: 1802390975283542547, guid: 9cdf9e003565c134f8d1bbb5e3861fe3,
        type: 3}
      propertyPath: m_LocalRotation.w
      value: 1
      objectReference: {fileID: 0}
    - target: {fileID: 1802390975283542547, guid: 9cdf9e003565c134f8d1bbb5e3861fe3,
        type: 3}
      propertyPath: m_RootOrder
      value: 20
      objectReference: {fileID: 0}
    - target: {fileID: 1802390975283542547, guid: 9cdf9e003565c134f8d1bbb5e3861fe3,
        type: 3}
      propertyPath: m_LocalEulerAnglesHint.x
      value: 0
      objectReference: {fileID: 0}
    - target: {fileID: 1802390975283542547, guid: 9cdf9e003565c134f8d1bbb5e3861fe3,
        type: 3}
      propertyPath: m_LocalEulerAnglesHint.y
      value: 0
      objectReference: {fileID: 0}
    - target: {fileID: 1802390975283542547, guid: 9cdf9e003565c134f8d1bbb5e3861fe3,
        type: 3}
      propertyPath: m_LocalEulerAnglesHint.z
      value: 0
      objectReference: {fileID: 0}
    m_RemovedComponents: []
  m_SourcePrefab: {fileID: 100100000, guid: 9cdf9e003565c134f8d1bbb5e3861fe3, type: 3}
--- !u!1001 &4040103768400934112
PrefabInstance:
  m_ObjectHideFlags: 0
  serializedVersion: 2
  m_Modification:
    m_TransformParent: {fileID: 0}
    m_Modifications:
    - target: {fileID: 4040103769038727743, guid: d6075a665f1b5e84b801aab3243a3cf8,
        type: 3}
      propertyPath: m_Name
      value: hard4
      objectReference: {fileID: 0}
    - target: {fileID: 4040103769038727743, guid: d6075a665f1b5e84b801aab3243a3cf8,
        type: 3}
      propertyPath: m_IsActive
      value: 0
      objectReference: {fileID: 0}
    - target: {fileID: 4040103769038727680, guid: d6075a665f1b5e84b801aab3243a3cf8,
        type: 3}
      propertyPath: m_LocalPosition.x
      value: -153.5583
      objectReference: {fileID: 0}
    - target: {fileID: 4040103769038727680, guid: d6075a665f1b5e84b801aab3243a3cf8,
        type: 3}
      propertyPath: m_LocalPosition.y
      value: 36.21074
      objectReference: {fileID: 0}
    - target: {fileID: 4040103769038727680, guid: d6075a665f1b5e84b801aab3243a3cf8,
        type: 3}
      propertyPath: m_LocalPosition.z
      value: -1553.8236
      objectReference: {fileID: 0}
    - target: {fileID: 4040103769038727680, guid: d6075a665f1b5e84b801aab3243a3cf8,
        type: 3}
      propertyPath: m_LocalRotation.x
      value: 0
      objectReference: {fileID: 0}
    - target: {fileID: 4040103769038727680, guid: d6075a665f1b5e84b801aab3243a3cf8,
        type: 3}
      propertyPath: m_LocalRotation.y
      value: 0
      objectReference: {fileID: 0}
    - target: {fileID: 4040103769038727680, guid: d6075a665f1b5e84b801aab3243a3cf8,
        type: 3}
      propertyPath: m_LocalRotation.z
      value: 0
      objectReference: {fileID: 0}
    - target: {fileID: 4040103769038727680, guid: d6075a665f1b5e84b801aab3243a3cf8,
        type: 3}
      propertyPath: m_LocalRotation.w
      value: 1
      objectReference: {fileID: 0}
    - target: {fileID: 4040103769038727680, guid: d6075a665f1b5e84b801aab3243a3cf8,
        type: 3}
      propertyPath: m_RootOrder
      value: 23
      objectReference: {fileID: 0}
    - target: {fileID: 4040103769038727680, guid: d6075a665f1b5e84b801aab3243a3cf8,
        type: 3}
      propertyPath: m_LocalEulerAnglesHint.x
      value: 0
      objectReference: {fileID: 0}
    - target: {fileID: 4040103769038727680, guid: d6075a665f1b5e84b801aab3243a3cf8,
        type: 3}
      propertyPath: m_LocalEulerAnglesHint.y
      value: 0
      objectReference: {fileID: 0}
    - target: {fileID: 4040103769038727680, guid: d6075a665f1b5e84b801aab3243a3cf8,
        type: 3}
      propertyPath: m_LocalEulerAnglesHint.z
      value: 0
      objectReference: {fileID: 0}
    m_RemovedComponents: []
  m_SourcePrefab: {fileID: 100100000, guid: d6075a665f1b5e84b801aab3243a3cf8, type: 3}
--- !u!1001 &5795542315089696555
PrefabInstance:
  m_ObjectHideFlags: 0
  serializedVersion: 2
  m_Modification:
    m_TransformParent: {fileID: 219058361}
    m_Modifications:
    - target: {fileID: 5795542316931612964, guid: f504d0d8923be5144ad63faf83b4c31c,
        type: 3}
      propertyPath: m_Name
      value: Portal
      objectReference: {fileID: 0}
    - target: {fileID: 5795542316931612986, guid: f504d0d8923be5144ad63faf83b4c31c,
        type: 3}
      propertyPath: m_LocalPosition.x
      value: 0.7
      objectReference: {fileID: 0}
    - target: {fileID: 5795542316931612986, guid: f504d0d8923be5144ad63faf83b4c31c,
        type: 3}
      propertyPath: m_LocalPosition.y
      value: 1.420002
      objectReference: {fileID: 0}
    - target: {fileID: 5795542316931612986, guid: f504d0d8923be5144ad63faf83b4c31c,
        type: 3}
      propertyPath: m_LocalPosition.x
      value: 0.7
      objectReference: {fileID: 0}
    - target: {fileID: 5795542316931612986, guid: f504d0d8923be5144ad63faf83b4c31c,
        type: 3}
      propertyPath: m_LocalPosition.z
      value: 0
      objectReference: {fileID: 0}
    - target: {fileID: 5795542316931612986, guid: f504d0d8923be5144ad63faf83b4c31c,
        type: 3}
      propertyPath: m_LocalRotation.x
      value: -0
      objectReference: {fileID: 0}
    - target: {fileID: 5795542316931612986, guid: f504d0d8923be5144ad63faf83b4c31c,
        type: 3}
      propertyPath: m_LocalRotation.y
      value: -0
      objectReference: {fileID: 0}
    - target: {fileID: 5795542316931612986, guid: f504d0d8923be5144ad63faf83b4c31c,
        type: 3}
      propertyPath: m_LocalRotation.z
      value: 0.7071068
      objectReference: {fileID: 0}
    - target: {fileID: 5795542316931612986, guid: f504d0d8923be5144ad63faf83b4c31c,
        type: 3}
      propertyPath: m_LocalRotation.w
      value: 0.7071068
      objectReference: {fileID: 0}
    - target: {fileID: 5795542316931612986, guid: f504d0d8923be5144ad63faf83b4c31c,
        type: 3}
      propertyPath: m_RootOrder
      value: 0
      objectReference: {fileID: 0}
    - target: {fileID: 5795542316931612986, guid: f504d0d8923be5144ad63faf83b4c31c,
        type: 3}
      propertyPath: m_LocalEulerAnglesHint.x
      value: 0
      objectReference: {fileID: 0}
    - target: {fileID: 5795542316931612986, guid: f504d0d8923be5144ad63faf83b4c31c,
        type: 3}
      propertyPath: m_LocalEulerAnglesHint.y
      value: 0
      objectReference: {fileID: 0}
    - target: {fileID: 5795542316931612986, guid: f504d0d8923be5144ad63faf83b4c31c,
        type: 3}
      propertyPath: m_LocalEulerAnglesHint.z
      value: 90
      objectReference: {fileID: 0}
    - target: {fileID: 5795542316931612986, guid: f504d0d8923be5144ad63faf83b4c31c,
        type: 3}
      propertyPath: m_LocalScale.x
      value: 2
      objectReference: {fileID: 0}
    - target: {fileID: 5795542316931612986, guid: f504d0d8923be5144ad63faf83b4c31c,
        type: 3}
      propertyPath: m_LocalScale.y
      value: 2
      objectReference: {fileID: 0}
    m_RemovedComponents: []
  m_SourcePrefab: {fileID: 100100000, guid: f504d0d8923be5144ad63faf83b4c31c, type: 3}
--- !u!1001 &6530497141464818157
PrefabInstance:
  m_ObjectHideFlags: 0
  serializedVersion: 2
  m_Modification:
    m_TransformParent: {fileID: 0}
    m_Modifications:
    - target: {fileID: 6530497140711149717, guid: 55356b3fc1fa58d4e97349c71e8add41,
        type: 3}
      propertyPath: m_Name
      value: Player
      objectReference: {fileID: 0}
    - target: {fileID: 6530497140711149718, guid: 55356b3fc1fa58d4e97349c71e8add41,
        type: 3}
      propertyPath: m_LocalPosition.x
      value: -144.5
      objectReference: {fileID: 0}
    - target: {fileID: 6530497140711149718, guid: 55356b3fc1fa58d4e97349c71e8add41,
        type: 3}
      propertyPath: m_LocalPosition.y
      value: 25.4
      objectReference: {fileID: 0}
    - target: {fileID: 6530497140711149718, guid: 55356b3fc1fa58d4e97349c71e8add41,
        type: 3}
      propertyPath: m_LocalPosition.z
      value: 0
      objectReference: {fileID: 0}
    - target: {fileID: 6530497140711149718, guid: 55356b3fc1fa58d4e97349c71e8add41,
        type: 3}
      propertyPath: m_LocalRotation.x
      value: -0
      objectReference: {fileID: 0}
    - target: {fileID: 6530497140711149718, guid: 55356b3fc1fa58d4e97349c71e8add41,
        type: 3}
      propertyPath: m_LocalRotation.y
      value: -0
      objectReference: {fileID: 0}
    - target: {fileID: 6530497140711149718, guid: 55356b3fc1fa58d4e97349c71e8add41,
        type: 3}
      propertyPath: m_LocalRotation.z
      value: -0
      objectReference: {fileID: 0}
    - target: {fileID: 6530497140711149718, guid: 55356b3fc1fa58d4e97349c71e8add41,
        type: 3}
      propertyPath: m_LocalRotation.w
      value: 1
      objectReference: {fileID: 0}
    - target: {fileID: 6530497140711149718, guid: 55356b3fc1fa58d4e97349c71e8add41,
        type: 3}
      propertyPath: m_RootOrder
      value: 6
      objectReference: {fileID: 0}
    - target: {fileID: 6530497140711149718, guid: 55356b3fc1fa58d4e97349c71e8add41,
        type: 3}
      propertyPath: m_LocalEulerAnglesHint.x
      value: 0
      objectReference: {fileID: 0}
    - target: {fileID: 6530497140711149718, guid: 55356b3fc1fa58d4e97349c71e8add41,
        type: 3}
      propertyPath: m_LocalEulerAnglesHint.y
      value: 0
      objectReference: {fileID: 0}
    - target: {fileID: 6530497140711149718, guid: 55356b3fc1fa58d4e97349c71e8add41,
        type: 3}
      propertyPath: m_LocalEulerAnglesHint.z
      value: 0
      objectReference: {fileID: 0}
    m_RemovedComponents: []
  m_SourcePrefab: {fileID: 100100000, guid: 55356b3fc1fa58d4e97349c71e8add41, type: 3}
--- !u!1001 &7010121785976712524
PrefabInstance:
  m_ObjectHideFlags: 0
  serializedVersion: 2
  m_Modification:
    m_TransformParent: {fileID: 0}
    m_Modifications:
    - target: {fileID: 7010121786143158046, guid: 9b04acbcf0210504d9a18220fe538af0,
        type: 3}
      propertyPath: m_Name
      value: easy1
      objectReference: {fileID: 0}
    - target: {fileID: 7010121786143158046, guid: 9b04acbcf0210504d9a18220fe538af0,
        type: 3}
      propertyPath: m_IsActive
      value: 0
      objectReference: {fileID: 0}
    - target: {fileID: 7010121786143158047, guid: 9b04acbcf0210504d9a18220fe538af0,
        type: 3}
      propertyPath: m_LocalPosition.x
      value: -159.21933
      objectReference: {fileID: 0}
    - target: {fileID: 7010121786143158047, guid: 9b04acbcf0210504d9a18220fe538af0,
        type: 3}
      propertyPath: m_LocalPosition.y
      value: 17.910467
      objectReference: {fileID: 0}
    - target: {fileID: 7010121786143158047, guid: 9b04acbcf0210504d9a18220fe538af0,
        type: 3}
      propertyPath: m_LocalPosition.z
      value: -704.7278
      objectReference: {fileID: 0}
    - target: {fileID: 7010121786143158047, guid: 9b04acbcf0210504d9a18220fe538af0,
        type: 3}
      propertyPath: m_LocalRotation.x
      value: 0
      objectReference: {fileID: 0}
    - target: {fileID: 7010121786143158047, guid: 9b04acbcf0210504d9a18220fe538af0,
        type: 3}
      propertyPath: m_LocalRotation.y
      value: 0
      objectReference: {fileID: 0}
    - target: {fileID: 7010121786143158047, guid: 9b04acbcf0210504d9a18220fe538af0,
        type: 3}
      propertyPath: m_LocalRotation.z
      value: 0
      objectReference: {fileID: 0}
    - target: {fileID: 7010121786143158047, guid: 9b04acbcf0210504d9a18220fe538af0,
        type: 3}
      propertyPath: m_LocalRotation.w
      value: 1
      objectReference: {fileID: 0}
    - target: {fileID: 7010121786143158047, guid: 9b04acbcf0210504d9a18220fe538af0,
        type: 3}
      propertyPath: m_RootOrder
      value: 17
      objectReference: {fileID: 0}
    - target: {fileID: 7010121786143158047, guid: 9b04acbcf0210504d9a18220fe538af0,
        type: 3}
      propertyPath: m_LocalEulerAnglesHint.x
      value: 0
      objectReference: {fileID: 0}
    - target: {fileID: 7010121786143158047, guid: 9b04acbcf0210504d9a18220fe538af0,
        type: 3}
      propertyPath: m_LocalEulerAnglesHint.y
      value: 0
      objectReference: {fileID: 0}
    - target: {fileID: 7010121786143158047, guid: 9b04acbcf0210504d9a18220fe538af0,
        type: 3}
      propertyPath: m_LocalEulerAnglesHint.z
      value: 0
      objectReference: {fileID: 0}
    m_RemovedComponents: []
  m_SourcePrefab: {fileID: 100100000, guid: 9b04acbcf0210504d9a18220fe538af0, type: 3}
--- !u!1001 &7142802289665785082
PrefabInstance:
  m_ObjectHideFlags: 0
  serializedVersion: 2
  m_Modification:
    m_TransformParent: {fileID: 0}
    m_Modifications:
    - target: {fileID: 7142802289373386929, guid: 71a80ec4835e9f34b98e1ca02e8ee124,
        type: 3}
      propertyPath: m_Name
      value: easy3
      objectReference: {fileID: 0}
    - target: {fileID: 7142802289373386929, guid: 71a80ec4835e9f34b98e1ca02e8ee124,
        type: 3}
      propertyPath: m_IsActive
      value: 0
      objectReference: {fileID: 0}
    - target: {fileID: 7142802289373386934, guid: 71a80ec4835e9f34b98e1ca02e8ee124,
        type: 3}
      propertyPath: m_LocalPosition.x
      value: -153.5583
      objectReference: {fileID: 0}
    - target: {fileID: 7142802289373386934, guid: 71a80ec4835e9f34b98e1ca02e8ee124,
        type: 3}
      propertyPath: m_LocalPosition.y
      value: 36.21074
      objectReference: {fileID: 0}
    - target: {fileID: 7142802289373386934, guid: 71a80ec4835e9f34b98e1ca02e8ee124,
        type: 3}
      propertyPath: m_LocalPosition.z
      value: -1553.8236
      objectReference: {fileID: 0}
    - target: {fileID: 7142802289373386934, guid: 71a80ec4835e9f34b98e1ca02e8ee124,
        type: 3}
      propertyPath: m_LocalRotation.x
      value: 0
      objectReference: {fileID: 0}
    - target: {fileID: 7142802289373386934, guid: 71a80ec4835e9f34b98e1ca02e8ee124,
        type: 3}
      propertyPath: m_LocalRotation.y
      value: 0
      objectReference: {fileID: 0}
    - target: {fileID: 7142802289373386934, guid: 71a80ec4835e9f34b98e1ca02e8ee124,
        type: 3}
      propertyPath: m_LocalRotation.z
      value: 0
      objectReference: {fileID: 0}
    - target: {fileID: 7142802289373386934, guid: 71a80ec4835e9f34b98e1ca02e8ee124,
        type: 3}
      propertyPath: m_LocalRotation.w
      value: 1
      objectReference: {fileID: 0}
    - target: {fileID: 7142802289373386934, guid: 71a80ec4835e9f34b98e1ca02e8ee124,
        type: 3}
      propertyPath: m_RootOrder
      value: 19
      objectReference: {fileID: 0}
    - target: {fileID: 7142802289373386934, guid: 71a80ec4835e9f34b98e1ca02e8ee124,
        type: 3}
      propertyPath: m_LocalEulerAnglesHint.x
      value: 0
      objectReference: {fileID: 0}
    - target: {fileID: 7142802289373386934, guid: 71a80ec4835e9f34b98e1ca02e8ee124,
        type: 3}
      propertyPath: m_LocalEulerAnglesHint.y
      value: 0
      objectReference: {fileID: 0}
    - target: {fileID: 7142802289373386934, guid: 71a80ec4835e9f34b98e1ca02e8ee124,
        type: 3}
      propertyPath: m_LocalEulerAnglesHint.z
      value: 0
      objectReference: {fileID: 0}
    m_RemovedComponents: []
  m_SourcePrefab: {fileID: 100100000, guid: 71a80ec4835e9f34b98e1ca02e8ee124, type: 3}
